ID,Name,disableParam_NT,disableParamReserve1,disableParamReserve2,eventFlagId,distViewEventFlagId,iconId,bgmPlaceType,isAreaIcon,isOverrideDistViewMarkPos,isEnableNoText,pad3,areaNo_forDistViewMark,gridXNo_forDistViewMark,gridZNo_forDistViewMark,clearedEventFlagId,dispMask00,dispMask01,dispMask02,pad2_0,pad2,distViewIconId,angle,areaNo,gridXNo,gridZNo,pad,posX,posY,posZ,textId1,textEnableFlagId1,textDisableFlagId1,textId2,textEnableFlagId2,textDisableFlagId2,textId3,textEnableFlagId3,textDisableFlagId3,textId4,textEnableFlagId4,textDisableFlagId4,textId5,textEnableFlagId5,textDisableFlagId5,textId6,textEnableFlagId6,textDisableFlagId6,textId7,textEnableFlagId7,textDisableFlagId7,textId8,textEnableFlagId8,textDisableFlagId8,textType1,textType2,textType3,textType4,textType5,textType6,textType7,textType8,distViewId,posX_forDistViewMark,posY_forDistViewMark,posZ_forDistViewMark,distViewId1,distViewId2,distViewId3,dispMinZoomStep,selectMinZoomStep,entryFEType,unknown_0xb7,unknown_0xb8,unknown_0xb9,pad4,textEnableFlag2Id1,textEnableFlag2Id2,textEnableFlag2Id3,textEnableFlag2Id4,textEnableFlag2Id5,textEnableFlag2Id6,textEnableFlag2Id7,textEnableFlag2Id8,textDisableFlag2Id1,textDisableFlag2Id2,textDisableFlag2Id3,textDisableFlag2Id4,textDisableFlag2Id5,textDisableFlag2Id6,textDisableFlag2Id7,textDisableFlag2Id8
1,- Graces to Unlock -,1,0,[0|0|0],0,0,278,999,0,0,0,0,0,0,0,0,1,0,0,0,0,0,0,0,0,0,0,0,0,0,-1,0,0,-1,0,0,-1,0,0,-1,0,0,-1,0,0,-1,0,0,-1,0,0,-1,0,0,0,0,0,0,0,0,0,0,-1,0,0,0,-1,-1,-1,0,1,0,0,0,0,[0|0|0|0|0|0],0,0,0,0,0,0,0,0,0,0,0,0,0,0,0,0
2,[Stormveil Castle] Godrick the Grafted,1,0,[0|0|0],0,0,278,999,0,0,0,0,0,0,0,0,1,0,0,0,0,0,0,10,0,0,0,-232.76,74.11,345.13,100000,10000800,71000,-1,0,0,-1,0,0,-1,0,0,-1,0,0,-1,0,0,-1,0,0,-1,0,0,0,0,0,0,0,0,0,0,-1,0,0,0,-1,-1,-1,0,1,0,0,0,0,[0|0|0|0|0|0],0,0,0,0,0,0,0,0,0,0,0,0,0,0,0,0
3,[Stormhill] Margit the Fell Omen,1,0,[0|0|0],0,0,278,999,0,0,0,0,0,0,0,0,1,0,0,0,0,0,0,10,0,0,0,-28.55,-1.76,-18.58,100001,10000850,71001,-1,0,0,-1,0,0,-1,0,0,-1,0,0,-1,0,0,-1,0,0,-1,0,0,0,0,0,0,0,0,0,0,-1,0,0,0,-1,-1,-1,0,1,0,0,0,0,[0|0|0|0|0|0],0,0,0,0,0,0,0,0,0,0,0,0,0,0,0,0
4,[Stormhill] Castleward Tunnel,1,0,[0|0|0],0,0,278,999,0,0,0,0,0,0,0,0,1,0,0,0,0,0,0,10,0,0,0,36.35,-11.28,5.36,100002,0,71002,-1,0,0,-1,0,0,-1,0,0,-1,0,0,-1,0,0,-1,0,0,-1,0,0,0,0,0,0,0,0,0,0,-1,0,0,0,-1,-1,-1,0,1,0,0,0,0,[0|0|0|0|0|0],0,0,0,0,0,0,0,0,0,0,0,0,0,0,0,0
5,[Stormveil Castle] Gateside Chamber,1,0,[0|0|0],0,0,278,999,0,0,0,0,0,0,0,0,1,0,0,0,0,0,0,10,0,0,0,-122.51,30.2,11.88,100003,0,71003,-1,0,0,-1,0,0,-1,0,0,-1,0,0,-1,0,0,-1,0,0,-1,0,0,0,0,0,0,0,0,0,0,-1,0,0,0,-1,-1,-1,0,1,0,0,0,0,[0|0|0|0|0|0],0,0,0,0,0,0,0,0,0,0,0,0,0,0,0,0
6,[Stormveil Castle] Stormveil Cliffside,1,0,[0|0|0],0,0,278,999,0,0,0,0,0,0,0,0,1,0,0,0,0,0,0,10,0,0,0,-200.67,30.44,-16.52,100004,0,71004,-1,0,0,-1,0,0,-1,0,0,-1,0,0,-1,0,0,-1,0,0,-1,0,0,0,0,0,0,0,0,0,0,-1,0,0,0,-1,-1,-1,0,1,0,0,0,0,[0|0|0|0|0|0],0,0,0,0,0,0,0,0,0,0,0,0,0,0,0,0
7,[Stormveil Castle] Rampart Tower,1,0,[0|0|0],0,0,278,999,0,0,0,0,0,0,0,0,1,0,0,0,0,0,0,10,0,0,0,-262.26,98.45,112.96,100005,0,71005,-1,0,0,-1,0,0,-1,0,0,-1,0,0,-1,0,0,-1,0,0,-1,0,0,0,0,0,0,0,0,0,0,-1,0,0,0,-1,-1,-1,0,1,0,0,0,0,[0|0|0|0|0|0],0,0,0,0,0,0,0,0,0,0,0,0,0,0,0,0
8,[Stormveil Castle] Liftside Chamber,1,0,[0|0|0],0,0,278,999,0,0,0,0,0,0,0,0,1,0,0,0,0,0,0,10,0,0,0,-273.12,71.56,241.41,100006,0,71006,-1,0,0,-1,0,0,-1,0,0,-1,0,0,-1,0,0,-1,0,0,-1,0,0,0,0,0,0,0,0,0,0,-1,0,0,0,-1,-1,-1,0,1,0,0,0,0,[0|0|0|0|0|0],0,0,0,0,0,0,0,0,0,0,0,0,0,0,0,0
9,[Stormveil Castle] Secluded Cell,1,0,[0|0|0],0,0,278,999,0,0,0,0,0,0,0,0,1,0,0,0,0,0,0,10,0,0,0,-189.96,81.87,313.47,100007,0,71007,-1,0,0,-1,0,0,-1,0,0,-1,0,0,-1,0,0,-1,0,0,-1,0,0,0,0,0,0,0,0,0,0,-1,0,0,0,-1,-1,-1,0,1,0,0,0,0,[0|0|0|0|0|0],0,0,0,0,0,0,0,0,0,0,0,0,0,0,0,0
10,[Stormveil Castle] Stormveil Main Gate,1,0,[0|0|0],0,0,278,999,0,0,0,0,0,0,0,0,1,0,0,0,0,0,0,10,0,0,0,-96.08,21.41,20.28,100008,0,71008,-1,0,0,-1,0,0,-1,0,0,-1,0,0,-1,0,0,-1,0,0,-1,0,0,0,0,0,0,0,0,0,0,-1,0,0,0,-1,-1,-1,0,1,0,0,0,0,[0|0|0|0|0|0],0,0,0,0,0,0,0,0,0,0,0,0,0,0,0,0
11,[Leyndell Royal Capital] Elden Throne,1,0,[0|0|0],0,0,278,999,0,0,0,0,0,0,0,0,1,0,0,0,0,0,0,11,0,0,0,37.25,65.11,-416.03,110000,11000800,118,-1,0,0,-1,0,0,-1,0,0,-1,0,0,-1,0,0,-1,0,0,-1,0,0,0,0,0,0,0,0,0,0,-1,0,0,0,-1,-1,-1,0,1,0,0,0,0,[0|0|0|0|0|0],0,0,0,0,0,0,0,0,0,0,0,0,0,0,0,0
12,[Leyndell Royal Capital] Erdtree Sanctuary,1,0,[0|0|0],0,0,278,999,0,0,0,0,0,0,0,0,1,0,0,0,0,0,0,11,0,0,0,-132,31.01,-386.5,110001,11000850,118,-1,0,0,-1,0,0,-1,0,0,-1,0,0,-1,0,0,-1,0,0,-1,0,0,0,0,0,0,0,0,0,0,-1,0,0,0,-1,-1,-1,0,1,0,0,0,0,[0|0|0|0|0|0],0,0,0,0,0,0,0,0,0,0,0,0,0,0,0,0
13,[Leyndell Royal Capital] East Capital Rampart,1,0,[0|0|0],0,0,278,999,0,0,0,0,0,0,0,0,1,0,0,0,0,0,0,11,0,0,0,-33.04,7.93,-80.52,110002,0,118,-1,0,0,-1,0,0,-1,0,0,-1,0,0,-1,0,0,-1,0,0,-1,0,0,0,0,0,0,0,0,0,0,-1,0,0,0,-1,-1,-1,0,1,0,0,0,0,[0|0|0|0|0|0],0,0,0,0,0,0,0,0,0,0,0,0,0,0,0,0
14,[Leyndell Royal Capital] Lower Capital Church,1,0,[0|0|0],0,0,278,999,0,0,0,0,0,0,0,0,1,0,0,0,0,0,0,11,0,0,0,-215.8,-64.72,-223.22,110003,0,118,-1,0,0,-1,0,0,-1,0,0,-1,0,0,-1,0,0,-1,0,0,-1,0,0,0,0,0,0,0,0,0,0,-1,0,0,0,-1,-1,-1,0,1,0,0,0,0,[0|0|0|0|0|0],0,0,0,0,0,0,0,0,0,0,0,0,0,0,0,0
15,[Leyndell Royal Capital] Avenue Balcony,1,0,[0|0|0],0,0,278,999,0,0,0,0,0,0,0,0,1,0,0,0,0,0,0,11,0,0,0,-180.35,-49.9,-185.54,110004,0,118,-1,0,0,-1,0,0,-1,0,0,-1,0,0,-1,0,0,-1,0,0,-1,0,0,0,0,0,0,0,0,0,0,-1,0,0,0,-1,-1,-1,0,1,0,0,0,0,[0|0|0|0|0|0],0,0,0,0,0,0,0,0,0,0,0,0,0,0,0,0
16,[Leyndell Royal Capital] West Capital Rampart,1,0,[0|0|0],0,0,278,999,0,0,0,0,0,0,0,0,1,0,0,0,0,0,0,11,0,0,0,-217.61,-12,-260.53,110005,0,118,-1,0,0,-1,0,0,-1,0,0,-1,0,0,-1,0,0,-1,0,0,-1,0,0,0,0,0,0,0,0,0,0,-1,0,0,0,-1,-1,-1,0,1,0,0,0,0,[0|0|0|0|0|0],0,0,0,0,0,0,0,0,0,0,0,0,0,0,0,0
17,[Leyndell Royal Capital] Queen's Bedchamber,1,0,[0|0|0],0,0,278,999,0,0,0,0,0,0,0,0,1,0,0,0,0,0,0,11,0,0,0,-55.11,47.51,-307.16,110007,0,118,-1,0,0,-1,0,0,-1,0,0,-1,0,0,-1,0,0,-1,0,0,-1,0,0,0,0,0,0,0,0,0,0,-1,0,0,0,-1,-1,-1,0,1,0,0,0,0,[0|0|0|0|0|0],0,0,0,0,0,0,0,0,0,0,0,0,0,0,0,0
18,[Leyndell Royal Capital] Fortified Manor First Floor,1,0,[0|0|0],0,0,278,999,0,0,0,0,0,0,0,0,1,0,0,0,0,0,0,11,0,0,0,-319.98,-32.63,-270.49,110008,0,118,-1,0,0,-1,0,0,-1,0,0,-1,0,0,-1,0,0,-1,0,0,-1,0,0,0,0,0,0,0,0,0,0,-1,0,0,0,-1,-1,-1,0,1,0,0,0,0,[0|0|0|0|0|0],0,0,0,0,0,0,0,0,0,0,0,0,0,0,0,0
19,[Leyndell Royal Capital] Divine Bridge,1,0,[0|0|0],0,0,278,999,0,0,0,0,0,0,0,0,1,0,0,0,0,0,0,11,0,0,0,-426.01,29.12,-294.32,110009,0,118,-1,0,0,-1,0,0,-1,0,0,-1,0,0,-1,0,0,-1,0,0,-1,0,0,0,0,0,0,0,0,0,0,-1,0,0,0,-1,-1,-1,0,1,0,0,0,0,[0|0|0|0|0|0],0,0,0,0,0,0,0,0,0,0,0,0,0,0,0,0
20,[Leyndell Ashen Capital] Elden Throne,1,0,[0|0|0],0,0,278,999,0,0,0,0,0,0,0,0,1,0,0,0,0,0,0,11,5,0,0,37.18,64.98,-415.93,110500,11050800,71120,-1,0,0,-1,0,0,-1,0,0,-1,0,0,-1,0,0,-1,0,0,-1,0,0,0,0,0,0,0,0,0,0,-1,0,0,0,-1,-1,-1,0,1,0,0,0,0,[0|0|0|0|0|0],0,0,0,0,0,0,0,0,0,0,0,0,0,0,0,0
21,[Leyndell Ashen Capital] Erdtree Sanctuary,1,0,[0|0|0],0,0,278,999,0,0,0,0,0,0,0,0,1,0,0,0,0,0,0,11,5,0,0,-132,31.01,-386.5,110501,11050850,71121,-1,0,0,-1,0,0,-1,0,0,-1,0,0,-1,0,0,-1,0,0,-1,0,0,0,0,0,0,0,0,0,0,-1,0,0,0,-1,-1,-1,0,1,0,0,0,0,[0|0|0|0|0|0],0,0,0,0,0,0,0,0,0,0,0,0,0,0,0,0
22,[Leyndell Ashen Capital] East Capital Rampart,1,0,[0|0|0],0,0,278,999,0,0,0,0,0,0,0,0,1,0,0,0,0,0,0,11,5,0,0,-33.01,8,-80.47,110502,118,71122,-1,0,0,-1,0,0,-1,0,0,-1,0,0,-1,0,0,-1,0,0,-1,0,0,0,0,0,0,0,0,0,0,-1,0,0,0,-1,-1,-1,0,1,0,0,0,0,[0|0|0|0|0|0],0,0,0,0,0,0,0,0,0,0,0,0,0,0,0,0
23,[Leyndell Ashen Capital] Leyndell Capital of Ash,1,0,[0|0|0],0,0,278,999,0,0,0,0,0,0,0,0,1,0,0,0,0,0,0,11,5,0,0,-129.94,-31.54,-126.04,110503,118,71123,-1,0,0,-1,0,0,-1,0,0,-1,0,0,-1,0,0,-1,0,0,-1,0,0,0,0,0,0,0,0,0,0,-1,0,0,0,-1,-1,-1,0,1,0,0,0,0,[0|0|0|0|0|0],0,0,0,0,0,0,0,0,0,0,0,0,0,0,0,0
24,[Leyndell Ashen Capital] Queen's Bedchamber,1,0,[0|0|0],0,0,278,999,0,0,0,0,0,0,0,0,1,0,0,0,0,0,0,11,5,0,0,-54.63,47.56,-306.38,110504,118,71124,-1,0,0,-1,0,0,-1,0,0,-1,0,0,-1,0,0,-1,0,0,-1,0,0,0,0,0,0,0,0,0,0,-1,0,0,0,-1,-1,-1,0,1,0,0,0,0,[0|0|0|0|0|0],0,0,0,0,0,0,0,0,0,0,0,0,0,0,0,0
25,[Leyndell Ashen Capital] Divine Bridge,1,0,[0|0|0],0,0,278,999,0,0,0,0,0,0,0,0,1,0,0,0,0,0,0,11,5,0,0,-426.01,29.12,-294.32,110505,118,71125,-1,0,0,-1,0,0,-1,0,0,-1,0,0,-1,0,0,-1,0,0,-1,0,0,0,0,0,0,0,0,0,0,-1,0,0,0,-1,-1,-1,0,1,0,0,0,0,[0|0|0|0|0|0],0,0,0,0,0,0,0,0,0,0,0,0,0,0,0,0
26,[Ainsel River] Dragonkin Soldier of Nokstella,1,0,[0|0|0],0,0,278,999,0,0,0,0,0,0,0,0,0,1,0,0,0,0,0,12,1,0,0,-113.845,-223.497,118.07,120100,12010800,71210,-1,0,0,-1,0,0,-1,0,0,-1,0,0,-1,0,0,-1,0,0,-1,0,0,0,0,0,0,0,0,0,0,-1,0,0,0,-1,-1,-1,0,1,0,0,0,0,[0|0|0|0|0|0],0,0,0,0,0,0,0,0,0,0,0,0,0,0,0,0
27,[Ainsel River] Ainsel River Well Depths,1,0,[0|0|0],0,0,278,999,0,0,0,0,0,0,0,0,0,1,0,0,0,0,0,12,1,0,0,400.687,-145.01,-103.113,120101,0,71211,-1,0,0,-1,0,0,-1,0,0,-1,0,0,-1,0,0,-1,0,0,-1,0,0,0,0,0,0,0,0,0,0,-1,0,0,0,-1,-1,-1,0,1,0,0,0,0,[0|0|0|0|0|0],0,0,0,0,0,0,0,0,0,0,0,0,0,0,0,0
28,[Ainsel River] Ainsel River Sluice Gate,1,0,[0|0|0],0,0,278,999,0,0,0,0,0,0,0,0,0,1,0,0,0,0,0,12,1,0,0,207.063,-170.645,-204.237,120102,0,71212,-1,0,0,-1,0,0,-1,0,0,-1,0,0,-1,0,0,-1,0,0,-1,0,0,0,0,0,0,0,0,0,0,-1,0,0,0,-1,-1,-1,0,1,0,0,0,0,[0|0|0|0|0|0],0,0,0,0,0,0,0,0,0,0,0,0,0,0,0,0
29,[Ainsel River] Ainsel River Downstream,1,0,[0|0|0],0,0,278,999,0,0,0,0,0,0,0,0,0,1,0,0,0,0,0,12,1,0,0,-17.335,-210.064,-107.813,120103,0,71213,-1,0,0,-1,0,0,-1,0,0,-1,0,0,-1,0,0,-1,0,0,-1,0,0,0,0,0,0,0,0,0,0,-1,0,0,0,-1,-1,-1,0,1,0,0,0,0,[0|0|0|0|0|0],0,0,0,0,0,0,0,0,0,0,0,0,0,0,0,0
30,[Ainsel River Main] Ainsel River Main,1,0,[0|0|0],0,0,278,999,0,0,0,0,0,0,0,0,0,1,0,0,0,0,0,12,1,0,0,333.502,-79.105,269.242,120104,0,71214,-1,0,0,-1,0,0,-1,0,0,-1,0,0,-1,0,0,-1,0,0,-1,0,0,0,0,0,0,0,0,0,0,-1,0,0,0,-1,-1,-1,0,1,0,0,0,0,[0|0|0|0|0|0],0,0,0,0,0,0,0,0,0,0,0,0,0,0,0,0
31,[Ainsel River Main] Nokstella Eternal City,1,0,[0|0|0],0,0,278,999,0,0,0,0,0,0,0,0,0,1,0,0,0,0,0,12,1,0,0,29.589,-160.789,76.524,120105,0,71215,-1,0,0,-1,0,0,-1,0,0,-1,0,0,-1,0,0,-1,0,0,-1,0,0,0,0,0,0,0,0,0,0,-1,0,0,0,-1,-1,-1,0,1,0,0,0,0,[0|0|0|0|0|0],0,0,0,0,0,0,0,0,0,0,0,0,0,0,0,0
32,[Lake of Rot] Lake of Rot Shoreside,1,0,[0|0|0],0,0,278,999,0,0,0,0,0,0,0,0,0,1,0,0,0,0,0,12,1,0,0,-308.352,-308.018,-66.554,120106,0,71216,-1,0,0,-1,0,0,-1,0,0,-1,0,0,-1,0,0,-1,0,0,-1,0,0,0,0,0,0,0,0,0,0,-1,0,0,0,-1,-1,-1,0,1,0,0,0,0,[0|0|0|0|0|0],0,0,0,0,0,0,0,0,0,0,0,0,0,0,0,0
33,[Lake of Rot] Grand Cloister,1,0,[0|0|0],0,0,278,999,0,0,0,0,0,0,0,0,0,1,0,0,0,0,0,12,1,0,0,-411.549,-328.753,-525.689,120108,0,71218,-1,0,0,-1,0,0,-1,0,0,-1,0,0,-1,0,0,-1,0,0,-1,0,0,0,0,0,0,0,0,0,0,-1,0,0,0,-1,-1,-1,0,1,0,0,0,0,[0|0|0|0|0|0],0,0,0,0,0,0,0,0,0,0,0,0,0,0,0,0
34,[Ainsel River Main] Nokstella Waterfall Basin,1,0,[0|0|0],0,0,278,999,0,0,0,0,0,0,0,0,0,1,0,0,0,0,0,12,1,0,0,-243.44,-280.284,152.997,120109,0,71219,-1,0,0,-1,0,0,-1,0,0,-1,0,0,-1,0,0,-1,0,0,-1,0,0,0,0,0,0,0,0,0,0,-1,0,0,0,-1,-1,-1,0,1,0,0,0,0,[0|0|0|0|0|0],0,0,0,0,0,0,0,0,0,0,0,0,0,0,0,0
35,[Nokron Eternal City] Great Waterfall Basin,1,0,[0|0|0],0,0,278,999,0,0,0,0,0,0,0,0,0,1,0,0,0,0,0,12,2,0,0,1184.54,-619.219,1909.859,120200,12020800,71220,-1,0,0,-1,0,0,-1,0,0,-1,0,0,-1,0,0,-1,0,0,-1,0,0,0,0,0,0,0,0,0,0,-1,0,0,0,-1,-1,-1,0,1,0,0,0,0,[0|0|0|0|0|0],0,0,0,0,0,0,0,0,0,0,0,0,0,0,0,0
36,[Nokron Eternal City] Mimic Tear,1,0,[0|0|0],0,0,278,999,0,0,0,0,0,0,0,0,0,1,0,0,0,0,0,12,2,0,0,1016.052,-616.458,1153.374,120201,12020850,71221,-1,0,0,-1,0,0,-1,0,0,-1,0,0,-1,0,0,-1,0,0,-1,0,0,0,0,0,0,0,0,0,0,-1,0,0,0,-1,-1,-1,0,1,0,0,0,0,[0|0|0|0|0|0],0,0,0,0,0,0,0,0,0,0,0,0,0,0,0,0
37,[Siofra River] Siofra River Bank,1,0,[0|0|0],0,0,278,999,0,0,0,0,0,0,0,0,0,1,0,0,0,0,0,12,2,0,0,1098.26,-823.457,1266.802,120203,0,71222,-1,0,0,-1,0,0,-1,0,0,-1,0,0,-1,0,0,-1,0,0,-1,0,0,0,0,0,0,0,0,0,0,-1,0,0,0,-1,-1,-1,0,1,0,0,0,0,[0|0|0|0|0|0],0,0,0,0,0,0,0,0,0,0,0,0,0,0,0,0
38,[Siofra River] Worshippers' Woods,1,0,[0|0|0],0,0,278,999,0,0,0,0,0,0,0,0,0,1,0,0,0,0,0,12,2,0,0,1438.45,-816.47,1519.47,120204,0,71223,-1,0,0,-1,0,0,-1,0,0,-1,0,0,-1,0,0,-1,0,0,-1,0,0,0,0,0,0,0,0,0,0,-1,0,0,0,-1,-1,-1,0,1,0,0,0,0,[0|0|0|0|0|0],0,0,0,0,0,0,0,0,0,0,0,0,0,0,0,0
39,[Nokron Eternal City] Ancestral Woods,1,0,[0|0|0],0,0,278,999,0,0,0,0,0,0,0,0,0,1,0,0,0,0,0,12,2,0,0,1016.445,-605.417,1462.896,120206,0,71224,-1,0,0,-1,0,0,-1,0,0,-1,0,0,-1,0,0,-1,0,0,-1,0,0,0,0,0,0,0,0,0,0,-1,0,0,0,-1,-1,-1,0,1,0,0,0,0,[0|0|0|0|0|0],0,0,0,0,0,0,0,0,0,0,0,0,0,0,0,0
40,[Nokron Eternal City] Aqueduct-Facing Cliffs,1,0,[0|0|0],0,0,278,999,0,0,0,0,0,0,0,0,0,1,0,0,0,0,0,12,2,0,0,1176.12,-611.76,1754.38,120207,0,71225,-1,0,0,-1,0,0,-1,0,0,-1,0,0,-1,0,0,-1,0,0,-1,0,0,0,0,0,0,0,0,0,0,-1,0,0,0,-1,-1,-1,0,1,0,0,0,0,[0|0|0|0|0|0],0,0,0,0,0,0,0,0,0,0,0,0,0,0,0,0
41,[Nokron Eternal City] Night's Sacred Ground,1,0,[0|0|0],0,0,278,999,0,0,0,0,0,0,0,0,0,1,0,0,0,0,0,12,2,0,0,951.61,-671.3,1293.86,120208,0,71226,-1,0,0,-1,0,0,-1,0,0,-1,0,0,-1,0,0,-1,0,0,-1,0,0,0,0,0,0,0,0,0,0,-1,0,0,0,-1,-1,-1,0,1,0,0,0,0,[0|0|0|0|0|0],0,0,0,0,0,0,0,0,0,0,0,0,0,0,0,0
42,[Siofra River] Below the Well,1,0,[0|0|0],0,0,278,999,0,0,0,0,0,0,0,0,0,1,0,0,0,0,0,12,2,0,0,1518.224,-770.543,1867.396,120209,0,71227,-1,0,0,-1,0,0,-1,0,0,-1,0,0,-1,0,0,-1,0,0,-1,0,0,0,0,0,0,0,0,0,0,-1,0,0,0,-1,-1,-1,0,1,0,0,0,0,[0|0|0|0|0|0],0,0,0,0,0,0,0,0,0,0,0,0,0,0,0,0
43,[Deeproot Depths] Prince of Death's Throne,1,0,[0|0|0],0,0,278,999,0,0,0,0,0,0,0,0,0,1,0,0,0,0,0,12,3,0,0,-379.5,149.74,-202.16,120300,12030800,71230,-1,0,0,-1,0,0,-1,0,0,-1,0,0,-1,0,0,-1,0,0,-1,0,0,0,0,0,0,0,0,0,0,-1,0,0,0,-1,-1,-1,0,1,0,0,0,0,[0|0|0|0|0|0],0,0,0,0,0,0,0,0,0,0,0,0,0,0,0,0
44,[Deeproot Depths] Root-Facing Cliffs,1,0,[0|0|0],0,0,278,999,0,0,0,0,0,0,0,0,0,1,0,0,0,0,0,12,3,0,0,-184.95,272.9,-517.58,120301,0,71231,-1,0,0,-1,0,0,-1,0,0,-1,0,0,-1,0,0,-1,0,0,-1,0,0,0,0,0,0,0,0,0,0,-1,0,0,0,-1,-1,-1,0,1,0,0,0,0,[0|0|0|0|0|0],0,0,0,0,0,0,0,0,0,0,0,0,0,0,0,0
45,[Deeproot Depths] Great Waterfall Crest,1,0,[0|0|0],0,0,278,999,0,0,0,0,0,0,0,0,0,1,0,0,0,0,0,12,3,0,0,-163.86,91.92,-624.79,120302,0,71232,-1,0,0,-1,0,0,-1,0,0,-1,0,0,-1,0,0,-1,0,0,-1,0,0,0,0,0,0,0,0,0,0,-1,0,0,0,-1,-1,-1,0,1,0,0,0,0,[0|0|0|0|0|0],0,0,0,0,0,0,0,0,0,0,0,0,0,0,0,0
46,[Deeproot Depths] Deeproot Depths,1,0,[0|0|0],0,0,278,999,0,0,0,0,0,0,0,0,0,1,0,0,0,0,0,12,3,0,0,-598.37,98.15,-609.92,120303,0,71233,-1,0,0,-1,0,0,-1,0,0,-1,0,0,-1,0,0,-1,0,0,-1,0,0,0,0,0,0,0,0,0,0,-1,0,0,0,-1,-1,-1,0,1,0,0,0,0,[0|0|0|0|0|0],0,0,0,0,0,0,0,0,0,0,0,0,0,0,0,0
47,[Deeproot Depths] The Nameless Eternal City,1,0,[0|0|0],0,0,278,999,0,0,0,0,0,0,0,0,0,1,0,0,0,0,0,12,3,0,0,-689.665,92.284,-409.819,120304,0,71234,-1,0,0,-1,0,0,-1,0,0,-1,0,0,-1,0,0,-1,0,0,-1,0,0,0,0,0,0,0,0,0,0,-1,0,0,0,-1,-1,-1,0,1,0,0,0,0,[0|0|0|0|0|0],0,0,0,0,0,0,0,0,0,0,0,0,0,0,0,0
48,[Deeproot Depths] Across the Roots,1,0,[0|0|0],0,0,278,999,0,0,0,0,0,0,0,0,0,1,0,0,0,0,0,12,3,0,0,-469.23,149.62,-351.1,120305,0,71235,-1,0,0,-1,0,0,-1,0,0,-1,0,0,-1,0,0,-1,0,0,-1,0,0,0,0,0,0,0,0,0,0,-1,0,0,0,-1,-1,-1,0,1,0,0,0,0,[0|0|0|0|0|0],0,0,0,0,0,0,0,0,0,0,0,0,0,0,0,0
49,[Ainsel River] Astel Naturalborn of the Void,1,0,[0|0|0],0,0,278,999,0,0,0,0,0,0,0,0,0,1,0,0,0,0,0,12,4,0,0,-64.49,-106.13,-77.82,120400,12040800,71240,-1,0,0,-1,0,0,-1,0,0,-1,0,0,-1,0,0,-1,0,0,-1,0,0,0,0,0,0,0,0,0,0,-1,0,0,0,-1,-1,-1,0,1,0,0,0,0,[0|0|0|0|0|0],0,0,0,0,0,0,0,0,0,0,0,0,0,0,0,0
50,[Mohgwyn Palace] Cocoon of the Empyrean,1,0,[0|0|0],0,0,278,999,0,0,0,0,0,0,0,0,0,1,0,0,0,0,0,12,5,0,0,1533.44,-501,1243.16,120500,12050800,71250,-1,0,0,-1,0,0,-1,0,0,-1,0,0,-1,0,0,-1,0,0,-1,0,0,0,0,0,0,0,0,0,0,-1,0,0,0,-1,-1,-1,0,1,0,0,0,0,[0|0|0|0|0|0],0,0,0,0,0,0,0,0,0,0,0,0,0,0,0,0
51,[Mohgwyn Palace] Palace Approach Ledge-Road,1,0,[0|0|0],0,0,278,999,0,0,0,0,0,0,0,0,0,1,0,0,0,0,0,12,5,0,0,1902.74,-600.38,1116.63,120501,0,71251,-1,0,0,-1,0,0,-1,0,0,-1,0,0,-1,0,0,-1,0,0,-1,0,0,0,0,0,0,0,0,0,0,-1,0,0,0,-1,-1,-1,0,1,0,0,0,0,[0|0|0|0|0|0],0,0,0,0,0,0,0,0,0,0,0,0,0,0,0,0
52,[Mohgwyn Palace] Dynasty Mausoleum Entrance,1,0,[0|0|0],0,0,278,999,0,0,0,0,0,0,0,0,0,1,0,0,0,0,0,12,5,0,0,1703,-611.84,1288.74,120502,0,71252,-1,0,0,-1,0,0,-1,0,0,-1,0,0,-1,0,0,-1,0,0,-1,0,0,0,0,0,0,0,0,0,0,-1,0,0,0,-1,-1,-1,0,1,0,0,0,0,[0|0|0|0|0|0],0,0,0,0,0,0,0,0,0,0,0,0,0,0,0,0
53,[Mohgwyn Palace] Dynasty Mausoleum Midpoint,1,0,[0|0|0],0,0,278,999,0,0,0,0,0,0,0,0,0,1,0,0,0,0,0,12,5,0,0,1637.66,-562.65,1248,120503,0,71253,-1,0,0,-1,0,0,-1,0,0,-1,0,0,-1,0,0,-1,0,0,-1,0,0,0,0,0,0,0,0,0,0,-1,0,0,0,-1,-1,-1,0,1,0,0,0,0,[0|0|0|0|0|0],0,0,0,0,0,0,0,0,0,0,0,0,0,0,0,0
54,[Siofra River] Siofra River Well Depths,1,0,[0|0|0],0,0,278,999,0,0,0,0,0,0,0,0,0,1,0,0,0,0,0,12,7,0,0,748.229,-911.677,1164.145,120700,0,71270,-1,0,0,-1,0,0,-1,0,0,-1,0,0,-1,0,0,-1,0,0,-1,0,0,0,0,0,0,0,0,0,0,-1,0,0,0,-1,-1,-1,0,1,0,0,0,0,[0|0|0|0|0|0],0,0,0,0,0,0,0,0,0,0,0,0,0,0,0,0
55,[Nokron Eternal City] Nokron Eternal City,1,0,[0|0|0],0,0,278,999,0,0,0,0,0,0,0,0,0,1,0,0,0,0,0,12,7,0,0,709.945,-579.639,1233.984,120701,0,71271,-1,0,0,-1,0,0,-1,0,0,-1,0,0,-1,0,0,-1,0,0,-1,0,0,0,0,0,0,0,0,0,0,-1,0,0,0,-1,-1,-1,0,1,0,0,0,0,[0|0|0|0|0|0],0,0,0,0,0,0,0,0,0,0,0,0,0,0,0,0
56,[Crumbling Farum Azula] Maliketh the Black Blade,1,0,[0|0|0],0,0,278,999,0,0,0,0,0,0,0,0,1,0,0,0,0,0,0,13,0,0,0,224.9,-32.7,365.67,130000,13000800,71300,-1,0,0,-1,0,0,-1,0,0,-1,0,0,-1,0,0,-1,0,0,-1,0,0,0,0,0,0,0,0,0,0,-1,0,0,0,-1,-1,-1,0,1,0,0,0,0,[0|0|0|0|0|0],0,0,0,0,0,0,0,0,0,0,0,0,0,0,0,0
57,[Crumbling Farum Azula] Dragonlord Placidusax,1,0,[0|0|0],0,0,278,999,0,0,0,0,0,0,0,0,1,0,0,0,0,0,0,13,0,0,0,14.94,1009.61,330.49,130001,13000830,71301,-1,0,0,-1,0,0,-1,0,0,-1,0,0,-1,0,0,-1,0,0,-1,0,0,0,0,0,0,0,0,0,0,-1,0,0,0,-1,-1,-1,0,1,0,0,0,0,[0|0|0|0|0|0],0,0,0,0,0,0,0,0,0,0,0,0,0,0,0,0
58,[Crumbling Farum Azula] Dragon Temple Altar,1,0,[0|0|0],0,0,278,999,0,0,0,0,0,0,0,0,1,0,0,0,0,0,0,13,0,0,0,13.73,-39.29,411.53,130002,13000850,71302,-1,0,0,-1,0,0,-1,0,0,-1,0,0,-1,0,0,-1,0,0,-1,0,0,0,0,0,0,0,0,0,0,-1,0,0,0,-1,-1,-1,0,1,0,0,0,0,[0|0|0|0|0|0],0,0,0,0,0,0,0,0,0,0,0,0,0,0,0,0
59,[Crumbling Farum Azula] Crumbling Beast Grave,1,0,[0|0|0],0,0,278,999,0,0,0,0,0,0,0,0,1,0,0,0,0,0,0,13,0,0,0,116.66,53.95,161.07,130003,0,71303,-1,0,0,-1,0,0,-1,0,0,-1,0,0,-1,0,0,-1,0,0,-1,0,0,0,0,0,0,0,0,0,0,-1,0,0,0,-1,-1,-1,0,1,0,0,0,0,[0|0|0|0|0|0],0,0,0,0,0,0,0,0,0,0,0,0,0,0,0,0
60,[Crumbling Farum Azula] Crumbling Beast Grave Depths,1,0,[0|0|0],0,0,278,999,0,0,0,0,0,0,0,0,1,0,0,0,0,0,0,13,0,0,0,-92.94,47.42,210.9,130004,0,71304,-1,0,0,-1,0,0,-1,0,0,-1,0,0,-1,0,0,-1,0,0,-1,0,0,0,0,0,0,0,0,0,0,-1,0,0,0,-1,-1,-1,0,1,0,0,0,0,[0|0|0|0|0|0],0,0,0,0,0,0,0,0,0,0,0,0,0,0,0,0
61,[Crumbling Farum Azula] Tempest-Facing Balcony,1,0,[0|0|0],0,0,278,999,0,0,0,0,0,0,0,0,1,0,0,0,0,0,0,13,0,0,0,-88.16,36.37,282.61,130005,0,71305,-1,0,0,-1,0,0,-1,0,0,-1,0,0,-1,0,0,-1,0,0,-1,0,0,0,0,0,0,0,0,0,0,-1,0,0,0,-1,-1,-1,0,1,0,0,0,0,[0|0|0|0|0|0],0,0,0,0,0,0,0,0,0,0,0,0,0,0,0,0
62,[Crumbling Farum Azula] Dragon Temple,1,0,[0|0|0],0,0,278,999,0,0,0,0,0,0,0,0,1,0,0,0,0,0,0,13,0,0,0,-75.41,-19.96,404.67,130006,0,71306,-1,0,0,-1,0,0,-1,0,0,-1,0,0,-1,0,0,-1,0,0,-1,0,0,0,0,0,0,0,0,0,0,-1,0,0,0,-1,-1,-1,0,1,0,0,0,0,[0|0|0|0|0|0],0,0,0,0,0,0,0,0,0,0,0,0,0,0,0,0
63,[Crumbling Farum Azula] Dragon Temple Transept,1,0,[0|0|0],0,0,278,999,0,0,0,0,0,0,0,0,1,0,0,0,0,0,0,13,0,0,0,30.4,-45.99,361.79,130007,0,71307,-1,0,0,-1,0,0,-1,0,0,-1,0,0,-1,0,0,-1,0,0,-1,0,0,0,0,0,0,0,0,0,0,-1,0,0,0,-1,-1,-1,0,1,0,0,0,0,[0|0|0|0|0|0],0,0,0,0,0,0,0,0,0,0,0,0,0,0,0,0
64,[Crumbling Farum Azula] Dragon Temple Lift,1,0,[0|0|0],0,0,278,999,0,0,0,0,0,0,0,0,1,0,0,0,0,0,0,13,0,0,0,-73.6,-0.97,498.83,130008,0,71308,-1,0,0,-1,0,0,-1,0,0,-1,0,0,-1,0,0,-1,0,0,-1,0,0,0,0,0,0,0,0,0,0,-1,0,0,0,-1,-1,-1,0,1,0,0,0,0,[0|0|0|0|0|0],0,0,0,0,0,0,0,0,0,0,0,0,0,0,0,0
65,[Crumbling Farum Azula] Dragon Temple Rooftop,1,0,[0|0|0],0,0,278,999,0,0,0,0,0,0,0,0,1,0,0,0,0,0,0,13,0,0,0,83.98,-86.05,608.5,130009,0,71309,-1,0,0,-1,0,0,-1,0,0,-1,0,0,-1,0,0,-1,0,0,-1,0,0,0,0,0,0,0,0,0,0,-1,0,0,0,-1,-1,-1,0,1,0,0,0,0,[0|0|0|0|0|0],0,0,0,0,0,0,0,0,0,0,0,0,0,0,0,0
66,[Crumbling Farum Azula] Beside the Great Bridge,1,0,[0|0|0],0,0,278,999,0,0,0,0,0,0,0,0,1,0,0,0,0,0,0,13,0,0,0,64.07,-73.77,497.52,130010,0,71310,-1,0,0,-1,0,0,-1,0,0,-1,0,0,-1,0,0,-1,0,0,-1,0,0,0,0,0,0,0,0,0,0,-1,0,0,0,-1,-1,-1,0,1,0,0,0,0,[0|0|0|0|0|0],0,0,0,0,0,0,0,0,0,0,0,0,0,0,0,0
67,[Academy of Raya Lucaria] Raya Lucaria Grand Library,1,0,[0|0|0],0,0,278,999,0,0,0,0,0,0,0,0,1,0,0,0,0,0,0,14,0,0,0,32.86,154.12,-20.34,140000,14000800,71400,-1,0,0,-1,0,0,-1,0,0,-1,0,0,-1,0,0,-1,0,0,-1,0,0,0,0,0,0,0,0,0,0,-1,0,0,0,-1,-1,-1,0,1,0,0,0,0,[0|0|0|0|0|0],0,0,0,0,0,0,0,0,0,0,0,0,0,0,0,0
68,[Academy of Raya Lucaria] Debate Parlor,1,0,[0|0|0],0,0,278,999,0,0,0,0,0,0,0,0,1,0,0,0,0,0,0,14,0,0,0,154.79,110.18,-222.38,140001,14000850,71401,-1,0,0,-1,0,0,-1,0,0,-1,0,0,-1,0,0,-1,0,0,-1,0,0,0,0,0,0,0,0,0,0,-1,0,0,0,-1,-1,-1,0,1,0,0,0,0,[0|0|0|0|0|0],0,0,0,0,0,0,0,0,0,0,0,0,0,0,0,0
69,[Academy of Raya Lucaria] Church of the Cuckoo,1,0,[0|0|0],0,0,278,999,0,0,0,0,0,0,0,0,1,0,0,0,0,0,0,14,0,0,0,-13.92,62,-95.64,140002,0,71402,-1,0,0,-1,0,0,-1,0,0,-1,0,0,-1,0,0,-1,0,0,-1,0,0,0,0,0,0,0,0,0,0,-1,0,0,0,-1,-1,-1,0,1,0,0,0,0,[0|0|0|0|0|0],0,0,0,0,0,0,0,0,0,0,0,0,0,0,0,0
70,[Academy of Raya Lucaria] Schoolhouse Classroom,1,0,[0|0|0],0,0,278,999,0,0,0,0,0,0,0,0,1,0,0,0,0,0,0,14,0,0,0,134.24,94.07,-184.98,140003,0,71403,-1,0,0,-1,0,0,-1,0,0,-1,0,0,-1,0,0,-1,0,0,-1,0,0,0,0,0,0,0,0,0,0,-1,0,0,0,-1,-1,-1,0,1,0,0,0,0,[0|0|0|0|0|0],0,0,0,0,0,0,0,0,0,0,0,0,0,0,0,0
71,[Elphael Brace of the Haligtree] Malenia Goddess of Rot,1,0,[0|0|0],0,0,278,999,0,0,0,0,0,0,0,0,1,0,0,0,0,0,0,15,0,0,0,-21.34,51.57,487.89,150000,15000800,71500,-1,0,0,-1,0,0,-1,0,0,-1,0,0,-1,0,0,-1,0,0,-1,0,0,0,0,0,0,0,0,0,0,-1,0,0,0,-1,-1,-1,0,1,0,0,0,0,[0|0|0|0|0|0],0,0,0,0,0,0,0,0,0,0,0,0,0,0,0,0
72,[Elphael Brace of the Haligtree] Prayer Room,1,0,[0|0|0],0,0,278,999,0,0,0,0,0,0,0,0,1,0,0,0,0,0,0,15,0,0,0,77.19,247,432.05,150001,0,71501,-1,0,0,-1,0,0,-1,0,0,-1,0,0,-1,0,0,-1,0,0,-1,0,0,0,0,0,0,0,0,0,0,-1,0,0,0,-1,-1,-1,0,1,0,0,0,0,[0|0|0|0|0|0],0,0,0,0,0,0,0,0,0,0,0,0,0,0,0,0
73,[Elphael Brace of the Haligtree] Elphael Inner Wall,1,0,[0|0|0],0,0,278,999,0,0,0,0,0,0,0,0,1,0,0,0,0,0,0,15,0,0,0,-28.82,211.44,596.6,150002,0,71502,-1,0,0,-1,0,0,-1,0,0,-1,0,0,-1,0,0,-1,0,0,-1,0,0,0,0,0,0,0,0,0,0,-1,0,0,0,-1,-1,-1,0,1,0,0,0,0,[0|0|0|0|0|0],0,0,0,0,0,0,0,0,0,0,0,0,0,0,0,0
74,[Elphael Brace of the Haligtree] Drainage Channel,1,0,[0|0|0],0,0,278,999,0,0,0,0,0,0,0,0,1,0,0,0,0,0,0,15,0,0,0,121.88,170.4,483.54,150003,0,71503,-1,0,0,-1,0,0,-1,0,0,-1,0,0,-1,0,0,-1,0,0,-1,0,0,0,0,0,0,0,0,0,0,-1,0,0,0,-1,-1,-1,0,1,0,0,0,0,[0|0|0|0|0|0],0,0,0,0,0,0,0,0,0,0,0,0,0,0,0,0
75,[Elphael Brace of the Haligtree] Haligtree Roots,1,0,[0|0|0],0,0,278,999,0,0,0,0,0,0,0,0,1,0,0,0,0,0,0,15,0,0,0,88.93,60.8,549.13,150004,0,71504,-1,0,0,-1,0,0,-1,0,0,-1,0,0,-1,0,0,-1,0,0,-1,0,0,0,0,0,0,0,0,0,0,-1,0,0,0,-1,-1,-1,0,1,0,0,0,0,[0|0|0|0|0|0],0,0,0,0,0,0,0,0,0,0,0,0,0,0,0,0
76,[Miquella's Haligtree] Haligtree Promenade,1,0,[0|0|0],0,0,278,999,0,0,0,0,0,0,0,0,1,0,0,0,0,0,0,15,0,0,0,175.95,431.75,297.9,150005,15000850,71505,-1,0,0,-1,0,0,-1,0,0,-1,0,0,-1,0,0,-1,0,0,-1,0,0,0,0,0,0,0,0,0,0,-1,0,0,0,-1,-1,-1,0,1,0,0,0,0,[0|0|0|0|0|0],0,0,0,0,0,0,0,0,0,0,0,0,0,0,0,0
77,[Miquella's Haligtree] Haligtree Canopy,1,0,[0|0|0],0,0,278,999,0,0,0,0,0,0,0,0,1,0,0,0,0,0,0,15,0,0,0,-0.49,618.05,42.91,150006,0,71506,-1,0,0,-1,0,0,-1,0,0,-1,0,0,-1,0,0,-1,0,0,-1,0,0,0,0,0,0,0,0,0,0,-1,0,0,0,-1,-1,-1,0,1,0,0,0,0,[0|0|0|0|0|0],0,0,0,0,0,0,0,0,0,0,0,0,0,0,0,0
78,[Miquella's Haligtree] Haligtree Town,1,0,[0|0|0],0,0,278,999,0,0,0,0,0,0,0,0,1,0,0,0,0,0,0,15,0,0,0,63.54,501.51,231.44,150007,0,71507,-1,0,0,-1,0,0,-1,0,0,-1,0,0,-1,0,0,-1,0,0,-1,0,0,0,0,0,0,0,0,0,0,-1,0,0,0,-1,-1,-1,0,1,0,0,0,0,[0|0|0|0|0|0],0,0,0,0,0,0,0,0,0,0,0,0,0,0,0,0
79,[Miquella's Haligtree] Haligtree Town Plaza,1,0,[0|0|0],0,0,278,999,0,0,0,0,0,0,0,0,1,0,0,0,0,0,0,15,0,0,0,-1.34,475.87,294.97,150008,0,71508,-1,0,0,-1,0,0,-1,0,0,-1,0,0,-1,0,0,-1,0,0,-1,0,0,0,0,0,0,0,0,0,0,-1,0,0,0,-1,-1,-1,0,1,0,0,0,0,[0|0|0|0|0|0],0,0,0,0,0,0,0,0,0,0,0,0,0,0,0,0
80,[Volcano Manor] Rykard Lord of Blasphemy,1,0,[0|0|0],0,0,278,999,0,0,0,0,0,0,0,0,1,0,0,0,0,0,0,16,0,0,0,93.68,-439.54,-116.08,160000,16000800,71600,-1,0,0,-1,0,0,-1,0,0,-1,0,0,-1,0,0,-1,0,0,-1,0,0,0,0,0,0,0,0,0,0,-1,0,0,0,-1,-1,-1,0,1,0,0,0,0,[0|0|0|0|0|0],0,0,0,0,0,0,0,0,0,0,0,0,0,0,0,0
81,[Volcano Manor] Temple of Eiglay,1,0,[0|0|0],0,0,278,999,0,0,0,0,0,0,0,0,1,0,0,0,0,0,0,16,0,0,0,54.92,6.84,-207.91,160001,16000850,71601,-1,0,0,-1,0,0,-1,0,0,-1,0,0,-1,0,0,-1,0,0,-1,0,0,0,0,0,0,0,0,0,0,-1,0,0,0,-1,-1,-1,0,1,0,0,0,0,[0|0|0|0|0|0],0,0,0,0,0,0,0,0,0,0,0,0,0,0,0,0
82,[Volcano Manor] Volcano Manor,1,0,[0|0|0],0,0,278,999,0,0,0,0,0,0,0,0,1,0,0,0,0,0,0,16,0,0,0,40.88,4.95,-60.27,160002,0,71602,-1,0,0,-1,0,0,-1,0,0,-1,0,0,-1,0,0,-1,0,0,-1,0,0,0,0,0,0,0,0,0,0,-1,0,0,0,-1,-1,-1,0,1,0,0,0,0,[0|0|0|0|0|0],0,0,0,0,0,0,0,0,0,0,0,0,0,0,0,0
83,[Volcano Manor] Prison Town Church,1,0,[0|0|0],0,0,278,999,0,0,0,0,0,0,0,0,1,0,0,0,0,0,0,16,0,0,0,-62.98,-9.21,-113.62,160003,0,71603,-1,0,0,-1,0,0,-1,0,0,-1,0,0,-1,0,0,-1,0,0,-1,0,0,0,0,0,0,0,0,0,0,-1,0,0,0,-1,-1,-1,0,1,0,0,0,0,[0|0|0|0|0|0],0,0,0,0,0,0,0,0,0,0,0,0,0,0,0,0
84,[Volcano Manor] Guest Hall,1,0,[0|0|0],0,0,278,999,0,0,0,0,0,0,0,0,1,0,0,0,0,0,0,16,0,0,0,-131.45,-43.6,-213.28,160004,0,71604,-1,0,0,-1,0,0,-1,0,0,-1,0,0,-1,0,0,-1,0,0,-1,0,0,0,0,0,0,0,0,0,0,-1,0,0,0,-1,-1,-1,0,1,0,0,0,0,[0|0|0|0|0|0],0,0,0,0,0,0,0,0,0,0,0,0,0,0,0,0
85,[Volcano Manor] Audience Pathway,1,0,[0|0|0],0,0,278,999,0,0,0,0,0,0,0,0,1,0,0,0,0,0,0,16,0,0,0,98.2,-432.87,-11.75,160005,0,71605,-1,0,0,-1,0,0,-1,0,0,-1,0,0,-1,0,0,-1,0,0,-1,0,0,0,0,0,0,0,0,0,0,-1,0,0,0,-1,-1,-1,0,1,0,0,0,0,[0|0|0|0|0|0],0,0,0,0,0,0,0,0,0,0,0,0,0,0,0,0
86,[Volcano Manor] Abductor Virgin,1,0,[0|0|0],0,0,278,999,0,0,0,0,0,0,0,0,1,0,0,0,0,0,0,16,0,0,0,273.651,-133.13,-258.567,160006,16000860,71606,-1,0,0,-1,0,0,-1,0,0,-1,0,0,-1,0,0,-1,0,0,-1,0,0,0,0,0,0,0,0,0,0,-1,0,0,0,-1,-1,-1,0,1,0,0,0,0,[0|0|0|0|0|0],0,0,0,0,0,0,0,0,0,0,0,0,0,0,0,0
87,[Volcano Manor] Subterranean Inquisition Chamber,1,0,[0|0|0],0,0,278,999,0,0,0,0,0,0,0,0,1,0,0,0,0,0,0,16,0,0,0,163.033,-106.969,-149.041,160007,0,71607,-1,0,0,-1,0,0,-1,0,0,-1,0,0,-1,0,0,-1,0,0,-1,0,0,0,0,0,0,0,0,0,0,-1,0,0,0,-1,-1,-1,0,1,0,0,0,0,[0|0|0|0|0|0],0,0,0,0,0,0,0,0,0,0,0,0,0,0,0,0
88,[Stranded Graveyard] Cave of Knowledge,1,0,[0|0|0],0,0,278,999,0,0,0,0,0,0,0,0,1,0,0,0,0,0,0,18,0,0,0,-88.4,-10.17,43.86,180000,0,71800,-1,0,0,-1,0,0,-1,0,0,-1,0,0,-1,0,0,-1,0,0,-1,0,0,0,0,0,0,0,0,0,0,-1,0,0,0,-1,-1,-1,0,1,0,0,0,0,[0|0|0|0|0|0],0,0,0,0,0,0,0,0,0,0,0,0,0,0,0,0
89,[Stranded Graveyard] Stranded Graveyard,1,0,[0|0|0],0,0,278,999,0,0,0,0,0,0,0,0,1,0,0,0,0,0,0,18,0,0,0,-115.7,13.87,12.14,180001,0,71801,-1,0,0,-1,0,0,-1,0,0,-1,0,0,-1,0,0,-1,0,0,-1,0,0,0,0,0,0,0,0,0,0,-1,0,0,0,-1,-1,-1,0,1,0,0,0,0,[0|0|0|0|0|0],0,0,0,0,0,0,0,0,0,0,0,0,0,0,0,0
90,[Weeping Peninsula] Tombsward Catacombs,1,0,[0|0|0],0,0,278,999,0,0,0,0,0,0,0,0,1,0,0,0,0,0,0,30,0,0,0,-95.662,66.13,107.314,300000,0,73000,-1,0,0,-1,0,0,-1,0,0,-1,0,0,-1,0,0,-1,0,0,-1,0,0,0,0,0,0,0,0,0,0,-1,0,0,0,-1,-1,-1,0,1,0,0,0,0,[0|0|0|0|0|0],0,0,0,0,0,0,0,0,0,0,0,0,0,0,0,0
91,[Weeping Peninsula] Impaler's Catacombs,1,0,[0|0|0],0,0,278,999,0,0,0,0,0,0,0,0,1,0,0,0,0,0,0,30,1,0,0,-26.735,50.307,-50.343,300100,0,73001,-1,0,0,-1,0,0,-1,0,0,-1,0,0,-1,0,0,-1,0,0,-1,0,0,0,0,0,0,0,0,0,0,-1,0,0,0,-1,-1,-1,0,1,0,0,0,0,[0|0|0|0|0|0],0,0,0,0,0,0,0,0,0,0,0,0,0,0,0,0
92,[Limgrave] Stormfoot Catacombs,1,0,[0|0|0],0,0,278,999,0,0,0,0,0,0,0,0,1,0,0,0,0,0,0,30,2,0,0,42.644,144.915,-11.158,300200,0,73002,-1,0,0,-1,0,0,-1,0,0,-1,0,0,-1,0,0,-1,0,0,-1,0,0,0,0,0,0,0,0,0,0,-1,0,0,0,-1,-1,-1,0,1,0,0,0,0,[0|0|0|0|0|0],0,0,0,0,0,0,0,0,0,0,0,0,0,0,0,0
93,[Liurnia of the Lakes]Road's End Catacombs,1,0,[0|0|0],0,0,278,999,0,0,0,0,0,0,0,0,1,0,0,0,0,0,0,30,3,0,0,-9.41,223.82,-24.05,300300,0,73003,-1,0,0,-1,0,0,-1,0,0,-1,0,0,-1,0,0,-1,0,0,-1,0,0,0,0,0,0,0,0,0,0,-1,0,0,0,-1,-1,-1,0,1,0,0,0,0,[0|0|0|0|0|0],0,0,0,0,0,0,0,0,0,0,0,0,0,0,0,0
94,[Limgrave] Murkwater Catacombs,1,0,[0|0|0],0,0,278,999,0,0,0,0,0,0,0,0,1,0,0,0,0,0,0,30,4,0,0,89.228,66.35,64.978,300400,0,73004,-1,0,0,-1,0,0,-1,0,0,-1,0,0,-1,0,0,-1,0,0,-1,0,0,0,0,0,0,0,0,0,0,-1,0,0,0,-1,-1,-1,0,1,0,0,0,0,[0|0|0|0|0|0],0,0,0,0,0,0,0,0,0,0,0,0,0,0,0,0
95,[Liurnia of the Lakes] Black Knife Catacombs,1,0,[0|0|0],0,0,278,999,0,0,0,0,0,0,0,0,1,0,0,0,0,0,0,30,5,0,0,-73.18,426.51,111.21,300500,0,73005,-1,0,0,-1,0,0,-1,0,0,-1,0,0,-1,0,0,-1,0,0,-1,0,0,0,0,0,0,0,0,0,0,-1,0,0,0,-1,-1,-1,0,1,0,0,0,0,[0|0|0|0|0|0],0,0,0,0,0,0,0,0,0,0,0,0,0,0,0,0
96,[Liurnia of the Lakes] Cliffbottom Catacombs,1,0,[0|0|0],0,0,278,999,0,0,0,0,0,0,0,0,1,0,0,0,0,0,0,30,6,0,0,75.46,239.75,69.66,300600,0,73006,-1,0,0,-1,0,0,-1,0,0,-1,0,0,-1,0,0,-1,0,0,-1,0,0,0,0,0,0,0,0,0,0,-1,0,0,0,-1,-1,-1,0,1,0,0,0,0,[0|0|0|0|0|0],0,0,0,0,0,0,0,0,0,0,0,0,0,0,0,0
97,[Mt. Gelmir] Wyndham Catacombs,1,0,[0|0|0],0,0,278,999,0,0,0,0,0,0,0,0,1,0,0,0,0,0,0,30,7,0,0,-127.08,835.81,121.83,300700,0,73007,-1,0,0,-1,0,0,-1,0,0,-1,0,0,-1,0,0,-1,0,0,-1,0,0,0,0,0,0,0,0,0,0,-1,0,0,0,-1,-1,-1,0,1,0,0,0,0,[0|0|0|0|0|0],0,0,0,0,0,0,0,0,0,0,0,0,0,0,0,0
98,[Altus Plateau] Sainted Hero's Grave,1,0,[0|0|0],0,0,278,999,0,0,0,0,0,0,0,0,1,0,0,0,0,0,0,30,8,0,0,47.06,884.02,8.12,300800,0,73008,-1,0,0,-1,0,0,-1,0,0,-1,0,0,-1,0,0,-1,0,0,-1,0,0,0,0,0,0,0,0,0,0,-1,0,0,0,-1,-1,-1,0,1,0,0,0,0,[0|0|0|0|0|0],0,0,0,0,0,0,0,0,0,0,0,0,0,0,0,0
99,[Mt. Gelmir] Gelmir Hero's Grave,1,0,[0|0|0],0,0,278,999,0,0,0,0,0,0,0,0,1,0,0,0,0,0,0,30,9,0,0,104.56,902.59,15.69,300900,0,73009,-1,0,0,-1,0,0,-1,0,0,-1,0,0,-1,0,0,-1,0,0,-1,0,0,0,0,0,0,0,0,0,0,-1,0,0,0,-1,-1,-1,0,1,0,0,0,0,[0|0|0|0|0|0],0,0,0,0,0,0,0,0,0,0,0,0,0,0,0,0
100,[Capital Outskirts] Auriza Hero's Grave,1,0,[0|0|0],0,0,278,999,0,0,0,0,0,0,0,0,1,0,0,0,0,0,0,30,10,0,0,62.54,952.82,137.72,301000,0,73010,-1,0,0,-1,0,0,-1,0,0,-1,0,0,-1,0,0,-1,0,0,-1,0,0,0,0,0,0,0,0,0,0,-1,0,0,0,-1,-1,-1,0,1,0,0,0,0,[0|0|0|0|0|0],0,0,0,0,0,0,0,0,0,0,0,0,0,0,0,0
101,[Stormhill] Deathtouched Catacombs,1,0,[0|0|0],0,0,278,999,0,0,0,0,0,0,0,0,1,0,0,0,0,0,0,30,11,0,0,-86.12,192.79,30.18,301100,0,73011,-1,0,0,-1,0,0,-1,0,0,-1,0,0,-1,0,0,-1,0,0,-1,0,0,0,0,0,0,0,0,0,0,-1,0,0,0,-1,-1,-1,0,1,0,0,0,0,[0|0|0|0|0|0],0,0,0,0,0,0,0,0,0,0,0,0,0,0,0,0
102,[Altus Plateau] Unsightly Catacombs,1,0,[0|0|0],0,0,278,999,0,0,0,0,0,0,0,0,1,0,0,0,0,0,0,30,12,0,0,-39.03,653.62,105.44,301200,0,73012,-1,0,0,-1,0,0,-1,0,0,-1,0,0,-1,0,0,-1,0,0,-1,0,0,0,0,0,0,0,0,0,0,-1,0,0,0,-1,-1,-1,0,1,0,0,0,0,[0|0|0|0|0|0],0,0,0,0,0,0,0,0,0,0,0,0,0,0,0,0
103,[Capital Outskirts] Auriza Side Tomb,1,0,[0|0|0],0,0,278,999,0,0,0,0,0,0,0,0,1,0,0,0,0,0,0,30,13,0,0,102.75,969.71,25.77,301300,0,73013,-1,0,0,-1,0,0,-1,0,0,-1,0,0,-1,0,0,-1,0,0,-1,0,0,0,0,0,0,0,0,0,0,-1,0,0,0,-1,-1,-1,0,1,0,0,0,0,[0|0|0|0|0|0],0,0,0,0,0,0,0,0,0,0,0,0,0,0,0,0
104,[Caelid] Minor Erdtree Catacombs,1,0,[0|0|0],0,0,278,999,0,0,0,0,0,0,0,0,1,0,0,0,0,0,0,30,14,0,0,-54.48,123.36,67.589,301400,0,73014,-1,0,0,-1,0,0,-1,0,0,-1,0,0,-1,0,0,-1,0,0,-1,0,0,0,0,0,0,0,0,0,0,-1,0,0,0,-1,-1,-1,0,1,0,0,0,0,[0|0|0|0|0|0],0,0,0,0,0,0,0,0,0,0,0,0,0,0,0,0
105,[Caelid] Caelid Catacombs,1,0,[0|0|0],0,0,278,999,0,0,0,0,0,0,0,0,1,0,0,0,0,0,0,30,15,0,0,90.19,54.51,69.13,301500,0,73015,-1,0,0,-1,0,0,-1,0,0,-1,0,0,-1,0,0,-1,0,0,-1,0,0,0,0,0,0,0,0,0,0,-1,0,0,0,-1,-1,-1,0,1,0,0,0,0,[0|0|0|0|0|0],0,0,0,0,0,0,0,0,0,0,0,0,0,0,0,0
106,[Caelid] War-Dead Catacombs,1,0,[0|0|0],0,0,278,999,0,0,0,0,0,0,0,0,1,0,0,0,0,0,0,30,16,0,0,37.72,5.19,-134.68,301600,0,73016,-1,0,0,-1,0,0,-1,0,0,-1,0,0,-1,0,0,-1,0,0,-1,0,0,0,0,0,0,0,0,0,0,-1,0,0,0,-1,-1,-1,0,1,0,0,0,0,[0|0|0|0|0|0],0,0,0,0,0,0,0,0,0,0,0,0,0,0,0,0
107,[Flame Peak] Giant-Conquering Hero's Grave,1,0,[0|0|0],0,0,278,999,0,0,0,0,0,0,0,0,1,0,0,0,0,0,0,60,50,53,0,-118.56,1511.76,120.04,301700,0,73017,-1,0,0,-1,0,0,-1,0,0,-1,0,0,-1,0,0,-1,0,0,-1,0,0,0,0,0,0,0,0,0,0,-1,0,0,0,-1,-1,-1,0,1,0,0,0,0,[0|0|0|0|0|0],0,0,0,0,0,0,0,0,0,0,0,0,0,0,0,0
108,[Flame Peak] Giants' Mountaintop Catacombs,1,0,[0|0|0],0,0,278,999,0,0,0,0,0,0,0,0,1,0,0,0,0,0,0,60,50,53,0,26.16,1577.71,109.34,301800,0,73018,-1,0,0,-1,0,0,-1,0,0,-1,0,0,-1,0,0,-1,0,0,-1,0,0,0,0,0,0,0,0,0,0,-1,0,0,0,-1,-1,-1,0,1,0,0,0,0,[0|0|0|0|0|0],0,0,0,0,0,0,0,0,0,0,0,0,0,0,0,0
109,[Consecrated Snowfield] Consecrated Snowfield Catacombs,1,0,[0|0|0],0,0,278,999,0,0,0,0,0,0,0,0,1,0,0,0,0,0,0,60,50,55,0,-69.57,1360.01,-86.39,301900,0,73019,-1,0,0,-1,0,0,-1,0,0,-1,0,0,-1,0,0,-1,0,0,-1,0,0,0,0,0,0,0,0,0,0,-1,0,0,0,-1,-1,-1,0,1,0,0,0,0,[0|0|0|0|0|0],0,0,0,0,0,0,0,0,0,0,0,0,0,0,0,0
110,[Forbidden Lands] Hidden Path to the Haligtree,1,0,[0|0|0],0,0,278,999,0,0,0,0,0,0,0,0,1,0,0,0,0,0,0,30,20,0,0,-105.12,1338.62,-122.7,302000,0,73020,-1,0,0,-1,0,0,-1,0,0,-1,0,0,-1,0,0,-1,0,0,-1,0,0,0,0,0,0,0,0,0,0,-1,0,0,0,-1,-1,-1,0,1,0,0,0,0,[0|0|0|0|0|0],0,0,0,0,0,0,0,0,0,0,0,0,0,0,0,0
111,[Limgrave] Murkwater Cave,1,0,[0|0|0],0,0,278,999,0,0,0,0,0,0,0,0,1,0,0,0,0,0,0,60,43,37,0,75.24,62.93,61.08,310000,0,73100,-1,0,0,-1,0,0,-1,0,0,-1,0,0,-1,0,0,-1,0,0,-1,0,0,0,0,0,0,0,0,0,0,-1,0,0,0,-1,-1,-1,0,1,0,0,0,0,[0|0|0|0|0|0],0,0,0,0,0,0,0,0,0,0,0,0,0,0,0,0
112,[Weeping Peninsula] Earthbore Cave,1,0,[0|0|0],0,0,278,999,0,0,0,0,0,0,0,0,1,0,0,0,0,0,0,31,1,0,0,-103.2,-1.15,-40.21,310100,0,73101,-1,0,0,-1,0,0,-1,0,0,-1,0,0,-1,0,0,-1,0,0,-1,0,0,0,0,0,0,0,0,0,0,-1,0,0,0,-1,-1,-1,0,1,0,0,0,0,[0|0|0|0|0|0],0,0,0,0,0,0,0,0,0,0,0,0,0,0,0,0
113,[Weeping Peninsula] Tombsward Cave,1,0,[0|0|0],0,0,278,999,0,0,0,0,0,0,0,0,1,0,0,0,0,0,0,60,42,33,0,-114.11,6.66,31.25,310200,0,73102,-1,0,0,-1,0,0,-1,0,0,-1,0,0,-1,0,0,-1,0,0,-1,0,0,0,0,0,0,0,0,0,0,-1,0,0,0,-1,-1,-1,0,1,0,0,0,0,[0|0|0|0|0|0],0,0,0,0,0,0,0,0,0,0,0,0,0,0,0,0
114,[Limgrave] Groveside Cave,1,0,[0|0|0],0,0,278,999,0,0,0,0,0,0,0,0,1,0,0,0,0,0,0,31,3,0,0,-59.563,110.818,-11.039,310300,0,73103,-1,0,0,-1,0,0,-1,0,0,-1,0,0,-1,0,0,-1,0,0,-1,0,0,0,0,0,0,0,0,0,0,-1,0,0,0,-1,-1,-1,0,1,0,0,0,0,[0|0|0|0|0|0],0,0,0,0,0,0,0,0,0,0,0,0,0,0,0,0
115,[Liurnia of the Lakes] Stillwater Cave,1,0,[0|0|0],0,0,278,999,0,0,0,0,0,0,0,0,1,0,0,0,0,0,0,31,4,0,0,14.54,237.31,-38.15,310400,0,73104,-1,0,0,-1,0,0,-1,0,0,-1,0,0,-1,0,0,-1,0,0,-1,0,0,0,0,0,0,0,0,0,0,-1,0,0,0,-1,-1,-1,0,1,0,0,0,0,[0|0|0|0|0|0],0,0,0,0,0,0,0,0,0,0,0,0,0,0,0,0
116,[Liurnia of the Lakes] Lakeside Crystal Cave,1,0,[0|0|0],0,0,278,999,0,0,0,0,0,0,0,0,1,0,0,0,0,0,0,31,5,0,0,-116.13,225.58,-4.21,310500,0,73105,-1,0,0,-1,0,0,-1,0,0,-1,0,0,-1,0,0,-1,0,0,-1,0,0,0,0,0,0,0,0,0,0,-1,0,0,0,-1,-1,-1,0,1,0,0,0,0,[0|0|0|0|0|0],0,0,0,0,0,0,0,0,0,0,0,0,0,0,0,0
117,[Liurnia of the Lakes] Academy Crystal Cave,1,0,[0|0|0],0,0,278,999,0,0,0,0,0,0,0,0,1,0,0,0,0,0,0,31,6,0,0,72.96,236.39,120.51,310600,0,73106,-1,0,0,-1,0,0,-1,0,0,-1,0,0,-1,0,0,-1,0,0,-1,0,0,0,0,0,0,0,0,0,0,-1,0,0,0,-1,-1,-1,0,1,0,0,0,0,[0|0|0|0|0|0],0,0,0,0,0,0,0,0,0,0,0,0,0,0,0,0
118,[Mt. Gelmir] Seethewater Cave,1,0,[0|0|0],0,0,278,999,0,0,0,0,0,0,0,0,1,0,0,0,0,0,0,31,7,0,0,-9.09,799.94,141.35,310700,0,73107,-1,0,0,-1,0,0,-1,0,0,-1,0,0,-1,0,0,-1,0,0,-1,0,0,0,0,0,0,0,0,0,0,-1,0,0,0,-1,-1,-1,0,1,0,0,0,0,[0|0|0|0|0|0],0,0,0,0,0,0,0,0,0,0,0,0,0,0,0,0
119,[Mt. Gelmir] Volcano Cave,1,0,[0|0|0],0,0,278,999,0,0,0,0,0,0,0,0,1,0,0,0,0,0,0,31,9,0,0,-67.26,1033.42,-60.25,310900,0,73109,-1,0,0,-1,0,0,-1,0,0,-1,0,0,-1,0,0,-1,0,0,-1,0,0,0,0,0,0,0,0,0,0,-1,0,0,0,-1,-1,-1,0,1,0,0,0,0,[0|0|0|0|0|0],0,0,0,0,0,0,0,0,0,0,0,0,0,0,0,0
120,[Greyoll's Dragonbarrow] Dragonbarrow Cave,1,0,[0|0|0],0,0,278,999,0,0,0,0,0,0,0,0,1,0,0,0,0,0,0,31,10,0,0,2.75,160.52,84.72,311000,0,73110,-1,0,0,-1,0,0,-1,0,0,-1,0,0,-1,0,0,-1,0,0,-1,0,0,0,0,0,0,0,0,0,0,-1,0,0,0,-1,-1,-1,0,1,0,0,0,0,[0|0|0|0|0|0],0,0,0,0,0,0,0,0,0,0,0,0,0,0,0,0
121,[Greyoll's Dragonbarrow] Sellia Hideaway,1,0,[0|0|0],0,0,278,999,0,0,0,0,0,0,0,0,1,0,0,0,0,0,0,31,11,0,0,127.07,207.59,63.94,311100,0,73111,-1,0,0,-1,0,0,-1,0,0,-1,0,0,-1,0,0,-1,0,0,-1,0,0,0,0,0,0,0,0,0,0,-1,0,0,0,-1,-1,-1,0,1,0,0,0,0,[0|0|0|0|0|0],0,0,0,0,0,0,0,0,0,0,0,0,0,0,0,0
122,[Consecrated Snowfield] Cave of the Forlorn,1,0,[0|0|0],0,0,278,999,0,0,0,0,0,0,0,0,1,0,0,0,0,0,0,31,12,0,0,-54.88,1254.82,43.99,311200,0,73112,-1,0,0,-1,0,0,-1,0,0,-1,0,0,-1,0,0,-1,0,0,-1,0,0,0,0,0,0,0,0,0,0,-1,0,0,0,-1,-1,-1,0,1,0,0,0,0,[0|0|0|0|0|0],0,0,0,0,0,0,0,0,0,0,0,0,0,0,0,0
123,[Limgrave] Coastal Cave,1,0,[0|0|0],0,0,278,999,0,0,0,0,0,0,0,0,1,0,0,0,0,0,0,31,15,0,0,48.107,-0.332,-41.907,311500,0,73115,-1,0,0,-1,0,0,-1,0,0,-1,0,0,-1,0,0,-1,0,0,-1,0,0,0,0,0,0,0,0,0,0,-1,0,0,0,-1,-1,-1,0,1,0,0,0,0,[0|0|0|0|0|0],0,0,0,0,0,0,0,0,0,0,0,0,0,0,0,0
124,[Limgrave] Highroad Cave,1,0,[0|0|0],0,0,278,999,0,0,0,0,0,0,0,0,1,0,0,0,0,0,0,31,17,0,0,60.07,96.45,96.4,311700,0,73117,-1,0,0,-1,0,0,-1,0,0,-1,0,0,-1,0,0,-1,0,0,-1,0,0,0,0,0,0,0,0,0,0,-1,0,0,0,-1,-1,-1,0,1,0,0,0,0,[0|0|0|0|0|0],0,0,0,0,0,0,0,0,0,0,0,0,0,0,0,0
125,[Altus Plateau] Perfumer's Grotto,1,0,[0|0|0],0,0,278,999,0,0,0,0,0,0,0,0,1,0,0,0,0,0,0,31,18,0,0,49.48,838.13,23.11,311800,0,73118,-1,0,0,-1,0,0,-1,0,0,-1,0,0,-1,0,0,-1,0,0,-1,0,0,0,0,0,0,0,0,0,0,-1,0,0,0,-1,-1,-1,0,1,0,0,0,0,[0|0|0|0|0|0],0,0,0,0,0,0,0,0,0,0,0,0,0,0,0,0
126,[Altus Plateau] Sage's Cave,1,0,[0|0|0],0,0,278,999,0,0,0,0,0,0,0,0,1,0,0,0,0,0,0,31,19,0,0,101.29,654.73,-55.79,311900,0,73119,-1,0,0,-1,0,0,-1,0,0,-1,0,0,-1,0,0,-1,0,0,-1,0,0,0,0,0,0,0,0,0,0,-1,0,0,0,-1,-1,-1,0,1,0,0,0,0,[0|0|0|0|0|0],0,0,0,0,0,0,0,0,0,0,0,0,0,0,0,0
127,[Caelid] Abandoned Cave,1,0,[0|0|0],0,0,278,999,0,0,0,0,0,0,0,0,1,0,0,0,0,0,0,31,20,0,0,137.79,127.62,42.44,312000,0,73120,-1,0,0,-1,0,0,-1,0,0,-1,0,0,-1,0,0,-1,0,0,-1,0,0,0,0,0,0,0,0,0,0,-1,0,0,0,-1,-1,-1,0,1,0,0,0,0,[0|0|0|0|0|0],0,0,0,0,0,0,0,0,0,0,0,0,0,0,0,0
128,[Caelid] Gaol Cave,1,0,[0|0|0],0,0,278,999,0,0,0,0,0,0,0,0,1,0,0,0,0,0,0,31,21,0,0,-64.32,87.81,33.87,312100,0,73121,-1,0,0,-1,0,0,-1,0,0,-1,0,0,-1,0,0,-1,0,0,-1,0,0,0,0,0,0,0,0,0,0,-1,0,0,0,-1,-1,-1,0,1,0,0,0,0,[0|0|0|0|0|0],0,0,0,0,0,0,0,0,0,0,0,0,0,0,0,0
129,[Mountaintops of the Giants] Spiritcaller's Cave,1,0,[0|0|0],0,0,278,999,0,0,0,0,0,0,0,0,1,0,0,0,0,0,0,60,53,56,0,-38.33,1626.26,114.54,312200,0,73122,-1,0,0,-1,0,0,-1,0,0,-1,0,0,-1,0,0,-1,0,0,-1,0,0,0,0,0,0,0,0,0,0,-1,0,0,0,-1,-1,-1,0,1,0,0,0,0,[0|0|0|0|0|0],0,0,0,0,0,0,0,0,0,0,0,0,0,0,0,0
130,[Weeping Peninsula] Morne Tunnel,1,0,[0|0|0],0,0,278,999,0,0,0,0,0,0,0,0,1,0,0,0,0,0,0,32,0,0,0,36.14,27.87,-69.91,320000,0,73200,-1,0,0,-1,0,0,-1,0,0,-1,0,0,-1,0,0,-1,0,0,-1,0,0,0,0,0,0,0,0,0,0,-1,0,0,0,-1,-1,-1,0,1,0,0,0,0,[0|0|0|0|0|0],0,0,0,0,0,0,0,0,0,0,0,0,0,0,0,0
131,[Limgrave] Limgrave Tunnels,1,0,[0|0|0],0,0,278,999,0,0,0,0,0,0,0,0,1,0,0,0,0,0,0,60,43,37,0,-121.7,66.61,-34.93,320100,0,73201,-1,0,0,-1,0,0,-1,0,0,-1,0,0,-1,0,0,-1,0,0,-1,0,0,0,0,0,0,0,0,0,0,-1,0,0,0,-1,-1,-1,0,1,0,0,0,0,[0|0|0|0|0|0],0,0,0,0,0,0,0,0,0,0,0,0,0,0,0,0
132,[Liurnia of the Lakes] Raya Lucaria Crystal Tunnel,1,0,[0|0|0],0,0,278,999,0,0,0,0,0,0,0,0,1,0,0,0,0,0,0,60,37,47,0,-111.98,242.98,16.29,320200,0,73202,-1,0,0,-1,0,0,-1,0,0,-1,0,0,-1,0,0,-1,0,0,-1,0,0,0,0,0,0,0,0,0,0,-1,0,0,0,-1,-1,-1,0,1,0,0,0,0,[0|0|0|0|0|0],0,0,0,0,0,0,0,0,0,0,0,0,0,0,0,0
133,[Altus Plateau] Old Altus Tunnel,1,0,[0|0|0],0,0,278,999,0,0,0,0,0,0,0,0,1,0,0,0,0,0,0,60,38,53,0,87.74,732.33,-114.49,320400,0,73204,-1,0,0,-1,0,0,-1,0,0,-1,0,0,-1,0,0,-1,0,0,-1,0,0,0,0,0,0,0,0,0,0,-1,0,0,0,-1,-1,-1,0,1,0,0,0,0,[0|0|0|0|0|0],0,0,0,0,0,0,0,0,0,0,0,0,0,0,0,0
134,[Altus Plateau] Altus Tunnel,1,0,[0|0|0],0,0,278,999,0,0,0,0,0,0,0,0,1,0,0,0,0,0,0,32,5,0,0,-52.26,814,40.72,320500,0,73205,-1,0,0,-1,0,0,-1,0,0,-1,0,0,-1,0,0,-1,0,0,-1,0,0,0,0,0,0,0,0,0,0,-1,0,0,0,-1,-1,-1,0,1,0,0,0,0,[0|0|0|0|0|0],0,0,0,0,0,0,0,0,0,0,0,0,0,0,0,0
135,[Caelid] Gael Tunnel,1,0,[0|0|0],0,0,278,999,0,0,0,0,0,0,0,0,1,0,0,0,0,0,0,60,46,39,0,61.21,150.66,40.33,320700,0,73207,-1,0,0,-1,0,0,-1,0,0,-1,0,0,-1,0,0,-1,0,0,-1,0,0,0,0,0,0,0,0,0,0,-1,0,0,0,-1,-1,-1,0,1,0,0,0,0,[0|0|0|0|0|0],0,0,0,0,0,0,0,0,0,0,0,0,0,0,0,0
136,[Caelid] Rear Gael Tunnel Entrance,1,0,[0|0|0],0,0,278,999,0,0,0,0,0,0,0,0,1,0,0,0,0,0,0,32,7,0,0,-34.2,90.64,113.05,320701,0,73257,-1,0,0,-1,0,0,-1,0,0,-1,0,0,-1,0,0,-1,0,0,-1,0,0,0,0,0,0,0,0,0,0,-1,0,0,0,-1,-1,-1,0,1,0,0,0,0,[0|0|0|0|0|0],0,0,0,0,0,0,0,0,0,0,0,0,0,0,0,0
137,[Caelid] Sellia Crystal Tunnel,1,0,[0|0|0],0,0,278,999,0,0,0,0,0,0,0,0,1,0,0,0,0,0,0,32,8,0,0,18.43,86.42,110.58,320800,0,73208,-1,0,0,-1,0,0,-1,0,0,-1,0,0,-1,0,0,-1,0,0,-1,0,0,0,0,0,0,0,0,0,0,-1,0,0,0,-1,-1,-1,0,1,0,0,0,0,[0|0|0|0|0|0],0,0,0,0,0,0,0,0,0,0,0,0,0,0,0,0
138,[Consecrated Snowfield] Yelough Anix Tunnel,1,0,[0|0|0],0,0,278,999,0,0,0,0,0,0,0,0,1,0,0,0,0,0,0,60,47,55,0,45.93,1258.75,-61.04,321100,0,73211,-1,0,0,-1,0,0,-1,0,0,-1,0,0,-1,0,0,-1,0,0,-1,0,0,0,0,0,0,0,0,0,0,-1,0,0,0,-1,-1,-1,0,1,0,0,0,0,[0|0|0|0|0|0],0,0,0,0,0,0,0,0,0,0,0,0,0,0,0,0
139,[Stormhill] Limgrave Tower Bridge,1,0,[0|0|0],0,0,278,999,0,0,0,0,0,0,0,0,1,0,0,0,0,0,0,34,10,0,0,-62.05,38.41,131.87,341000,0,73410,-1,0,0,-1,0,0,-1,0,0,-1,0,0,-1,0,0,-1,0,0,-1,0,0,0,0,0,0,0,0,0,0,-1,0,0,0,-1,-1,-1,0,1,0,0,0,0,[0|0|0|0|0|0],0,0,0,0,0,0,0,0,0,0,0,0,0,0,0,0
140,[Stormhill] Divine Tower of Limgrave,1,0,[0|0|0],0,0,278,999,0,0,0,0,0,0,0,0,1,0,0,0,0,0,0,34,10,0,0,932.09,340.91,604.25,341002,0,73412,-1,0,0,-1,0,0,-1,0,0,-1,0,0,-1,0,0,-1,0,0,-1,0,0,0,0,0,0,0,0,0,0,-1,0,0,0,-1,-1,-1,0,1,0,0,0,0,[0|0|0|0|0|0],0,0,0,0,0,0,0,0,0,0,0,0,0,0,0,0
141,[Liurnia of the Lakes] Study Hall Entrance,1,0,[0|0|0],0,0,278,999,0,0,0,0,0,0,0,0,1,0,0,0,0,0,0,34,11,0,0,-12.2,-157.94,69.27,341100,0,73420,-1,0,0,-1,0,0,-1,0,0,-1,0,0,-1,0,0,-1,0,0,-1,0,0,0,0,0,0,0,0,0,0,-1,0,0,0,-1,-1,-1,0,1,0,0,0,0,[0|0|0|0|0|0],0,0,0,0,0,0,0,0,0,0,0,0,0,0,0,0
142,[Liurnia of the Lakes] Liurnia Tower Bridge,1,0,[0|0|0],0,0,278,999,0,0,0,0,0,0,0,0,1,0,0,0,0,0,0,34,11,0,0,53.29,-5,14.91,341101,0,73421,-1,0,0,-1,0,0,-1,0,0,-1,0,0,-1,0,0,-1,0,0,-1,0,0,0,0,0,0,0,0,0,0,-1,0,0,0,-1,-1,-1,0,1,0,0,0,0,[0|0|0|0|0|0],0,0,0,0,0,0,0,0,0,0,0,0,0,0,0,0
143,[Liurnia of the Lakes] Divine Tower of Liurnia,1,0,[0|0|0],0,0,278,999,0,0,0,0,0,0,0,0,1,0,0,0,0,0,0,34,11,0,0,453.77,288.4,79.97,341102,0,73422,-1,0,0,-1,0,0,-1,0,0,-1,0,0,-1,0,0,-1,0,0,-1,0,0,0,0,0,0,0,0,0,0,-1,0,0,0,-1,-1,-1,0,1,0,0,0,0,[0|0|0|0|0|0],0,0,0,0,0,0,0,0,0,0,0,0,0,0,0,0
144,[Capital Outskirts] Divine Tower of West Altus,1,0,[0|0|0],0,0,278,999,0,0,0,0,0,0,0,0,1,0,0,0,0,0,0,34,12,0,0,-47.81,991.39,-350.04,341200,0,73430,-1,0,0,-1,0,0,-1,0,0,-1,0,0,-1,0,0,-1,0,0,-1,0,0,0,0,0,0,0,0,0,0,-1,0,0,0,-1,-1,-1,0,1,0,0,0,0,[0|0|0|0|0|0],0,0,0,0,0,0,0,0,0,0,0,0,0,0,0,0
145,[Capital Outskirts] Sealed Tunnel,1,0,[0|0|0],0,0,278,999,0,0,0,0,0,0,0,0,1,0,0,0,0,0,0,60,43,50,0,-66.6,809.01,35.73,341201,0,73431,-1,0,0,-1,0,0,-1,0,0,-1,0,0,-1,0,0,-1,0,0,-1,0,0,0,0,0,0,0,0,0,0,-1,0,0,0,-1,-1,-1,0,1,0,0,0,0,[0|0|0|0|0|0],0,0,0,0,0,0,0,0,0,0,0,0,0,0,0,0
146,[Capital Outskirts] Divine Tower of West Altus Gate,1,0,[0|0|0],0,0,278,999,0,0,0,0,0,0,0,0,1,0,0,0,0,0,0,34,12,0,0,-43.57,704.64,-237.58,341202,0,73432,-1,0,0,-1,0,0,-1,0,0,-1,0,0,-1,0,0,-1,0,0,-1,0,0,0,0,0,0,0,0,0,0,-1,0,0,0,-1,-1,-1,0,1,0,0,0,0,[0|0|0|0|0|0],0,0,0,0,0,0,0,0,0,0,0,0,0,0,0,0
147,[Greyoll's Dragonbarrow] Divine Tower of Caelid,1,0,[0|0|0],0,0,278,999,0,0,0,0,0,0,0,0,1,0,0,0,0,0,0,34,13,0,0,87.68,47.31,-24.19,341301,0,73440,-1,0,0,-1,0,0,-1,0,0,-1,0,0,-1,0,0,-1,0,0,-1,0,0,0,0,0,0,0,0,0,0,-1,0,0,0,-1,-1,-1,0,1,0,0,0,0,[0|0|0|0|0|0],0,0,0,0,0,0,0,0,0,0,0,0,0,0,0,0
148,[Greyoll's Dragonbarrow] Divine Tower of Caelid Center,1,0,[0|0|0],0,0,278,999,0,0,0,0,0,0,0,0,1,0,0,0,0,0,0,34,13,0,0,75.945,259.315,-7.197,341302,0,73441,-1,0,0,-1,0,0,-1,0,0,-1,0,0,-1,0,0,-1,0,0,-1,0,0,0,0,0,0,0,0,0,0,-1,0,0,0,-1,-1,-1,0,1,0,0,0,0,[0|0|0|0|0|0],0,0,0,0,0,0,0,0,0,0,0,0,0,0,0,0
149,[Forbidden Lands] Divine Tower of East Altus Gate,1,0,[0|0|0],0,0,278,999,0,0,0,0,0,0,0,0,1,0,0,0,0,0,0,34,14,0,0,602.67,26.51,-489.58,341400,0,73450,-1,0,0,-1,0,0,-1,0,0,-1,0,0,-1,0,0,-1,0,0,-1,0,0,0,0,0,0,0,0,0,0,-1,0,0,0,-1,-1,-1,0,1,0,0,0,0,[0|0|0|0|0|0],0,0,0,0,0,0,0,0,0,0,0,0,0,0,0,0
150,[Forbidden Lands] Divine Tower of East Altus,1,0,[0|0|0],0,0,278,999,0,0,0,0,0,0,0,0,1,0,0,0,0,0,0,34,14,0,0,625.03,330.74,-549.95,341401,0,73451,-1,0,0,-1,0,0,-1,0,0,-1,0,0,-1,0,0,-1,0,0,-1,0,0,0,0,0,0,0,0,0,0,-1,0,0,0,-1,-1,-1,0,1,0,0,0,0,[0|0|0|0|0|0],0,0,0,0,0,0,0,0,0,0,0,0,0,0,0,0
151,[Greyoll's Dragonbarrow] Isolated Divine Tower,1,0,[0|0|0],0,0,278,999,0,0,0,0,0,0,0,0,1,0,0,0,0,0,0,34,15,0,0,-5.07,291.82,-26.56,341500,0,73460,-1,0,0,-1,0,0,-1,0,0,-1,0,0,-1,0,0,-1,0,0,-1,0,0,0,0,0,0,0,0,0,0,-1,0,0,0,-1,-1,-1,0,1,0,0,0,0,[0|0|0|0|0|0],0,0,0,0,0,0,0,0,0,0,0,0,0,0,0,0
152,[Subterranean Shunning-Grounds] Cathedral of the Forsaken,1,0,[0|0|0],0,0,278,999,0,0,0,0,0,0,0,0,1,0,0,0,0,0,0,35,0,0,0,74.374,-298.535,-80.598,350000,35000800,73500,-1,0,0,-1,0,0,-1,0,0,-1,0,0,-1,0,0,-1,0,0,-1,0,0,0,0,0,0,0,0,0,0,-1,0,0,0,-1,-1,-1,0,1,0,0,0,0,[0|0|0|0|0|0],0,0,0,0,0,0,0,0,0,0,0,0,0,0,0,0
153,[Subterranean Shunning-Grounds] Underground Roadside,1,0,[0|0|0],0,0,278,999,0,0,0,0,0,0,0,0,1,0,0,0,0,0,0,35,0,0,0,-147.44,-98.54,-165.97,350001,0,73501,-1,0,0,-1,0,0,-1,0,0,-1,0,0,-1,0,0,-1,0,0,-1,0,0,0,0,0,0,0,0,0,0,-1,0,0,0,-1,-1,-1,0,1,0,0,0,0,[0|0|0|0|0|0],0,0,0,0,0,0,0,0,0,0,0,0,0,0,0,0
154,[Subterranean Shunning-Grounds] Forsaken Depths,1,0,[0|0|0],0,0,278,999,0,0,0,0,0,0,0,0,1,0,0,0,0,0,0,35,0,0,0,-49.381,-279.05,-152.096,350002,0,73502,-1,0,0,-1,0,0,-1,0,0,-1,0,0,-1,0,0,-1,0,0,-1,0,0,0,0,0,0,0,0,0,0,-1,0,0,0,-1,-1,-1,0,1,0,0,0,0,[0|0|0|0|0|0],0,0,0,0,0,0,0,0,0,0,0,0,0,0,0,0
155,[Subterranean Shunning-Grounds] Leyndell Catacombs,1,0,[0|0|0],0,0,278,999,0,0,0,0,0,0,0,0,1,0,0,0,0,0,0,35,0,0,0,-138.835,-143.74,-242.308,350003,0,73503,-1,0,0,-1,0,0,-1,0,0,-1,0,0,-1,0,0,-1,0,0,-1,0,0,0,0,0,0,0,0,0,0,-1,0,0,0,-1,-1,-1,0,1,0,0,0,0,[0|0|0|0|0|0],0,0,0,0,0,0,0,0,0,0,0,0,0,0,0,0
156,[Subterranean Shunning-Grounds] Frenzied Flame Proscription,1,0,[0|0|0],0,0,278,999,0,0,0,0,0,0,0,0,1,0,0,0,0,0,0,35,0,0,0,126.051,-408.535,-63.331,350004,0,73504,-1,0,0,-1,0,0,-1,0,0,-1,0,0,-1,0,0,-1,0,0,-1,0,0,0,0,0,0,0,0,0,0,-1,0,0,0,-1,-1,-1,0,1,0,0,0,0,[0|0|0|0|0|0],0,0,0,0,0,0,0,0,0,0,0,0,0,0,0,0
157,[Ruin-Strewn Precipice] Magma Wyrm Makar,1,0,[0|0|0],0,0,278,999,0,0,0,0,0,0,0,0,1,0,0,0,0,0,0,39,20,0,0,-124.22,353.51,-1298.06,390000,39200800,73900,-1,0,0,-1,0,0,-1,0,0,-1,0,0,-1,0,0,-1,0,0,-1,0,0,0,0,0,0,0,0,0,0,-1,0,0,0,-1,-1,-1,0,1,0,0,0,0,[0|0|0|0|0|0],0,0,0,0,0,0,0,0,0,0,0,0,0,0,0,0
158,[Ruin-Strewn Precipice] Ruin-Strewn Precipice,1,0,[0|0|0],0,0,278,999,0,0,0,0,0,0,0,0,1,0,0,0,0,0,0,39,20,0,0,91.34,239.17,-1312.03,390001,0,73901,-1,0,0,-1,0,0,-1,0,0,-1,0,0,-1,0,0,-1,0,0,-1,0,0,0,0,0,0,0,0,0,0,-1,0,0,0,-1,-1,-1,0,1,0,0,0,0,[0|0|0|0|0|0],0,0,0,0,0,0,0,0,0,0,0,0,0,0,0,0
159,[Ruin-Strewn Precipice] Ruin-Strewn Precipice Overlook,1,0,[0|0|0],0,0,278,999,0,0,0,0,0,0,0,0,1,0,0,0,0,0,0,39,20,0,0,-13.26,350.44,-1345.3,390002,0,73902,-1,0,0,-1,0,0,-1,0,0,-1,0,0,-1,0,0,-1,0,0,-1,0,0,0,0,0,0,0,0,0,0,-1,0,0,0,-1,-1,-1,0,1,0,0,0,0,[0|0|0|0|0|0],0,0,0,0,0,0,0,0,0,0,0,0,0,0,0,0
160,[Limgrave] Church of Elleh,1,0,[0|0|0],0,0,278,999,0,0,0,0,0,0,0,0,1,0,0,0,0,0,0,60,42,36,0,-40.734,90.971,79.338,610000,0,76100,-1,0,0,-1,0,0,-1,0,0,-1,0,0,-1,0,0,-1,0,0,-1,0,0,0,0,0,0,0,0,0,0,-1,0,0,0,-1,-1,-1,0,1,0,0,0,0,[0|0|0|0|0|0],0,0,0,0,0,0,0,0,0,0,0,0,0,0,0,0
161,[Limgrave] The First Step,1,0,[0|0|0],0,0,278,999,0,0,0,0,0,0,0,0,1,0,0,0,0,0,0,60,42,36,0,-12.83,90.7,-54.5,610019,0,76101,-1,0,0,-1,0,0,-1,0,0,-1,0,0,-1,0,0,-1,0,0,-1,0,0,0,0,0,0,0,0,0,0,-1,0,0,0,-1,-1,-1,0,1,0,0,0,0,[0|0|0|0|0|0],0,0,0,0,0,0,0,0,0,0,0,0,0,0,0,0
162,[Stormhill] Stormhill Shack,1,0,[0|0|0],0,0,278,999,0,0,0,0,0,0,0,0,1,0,0,0,0,0,0,60,41,38,0,16.85,204.57,16.98,610001,0,76102,-1,0,0,-1,0,0,-1,0,0,-1,0,0,-1,0,0,-1,0,0,-1,0,0,0,0,0,0,0,0,0,0,-1,0,0,0,-1,-1,-1,0,1,0,0,0,0,[0|0|0|0|0|0],0,0,0,0,0,0,0,0,0,0,0,0,0,0,0,0
163,[Limgrave] Artist's Shack,1,0,[0|0|0],0,0,278,999,0,0,0,0,0,0,0,0,1,0,0,0,0,0,0,60,44,38,0,-10.862,92.813,-20.382,610002,0,76103,-1,0,0,-1,0,0,-1,0,0,-1,0,0,-1,0,0,-1,0,0,-1,0,0,0,0,0,0,0,0,0,0,-1,0,0,0,-1,-1,-1,0,1,0,0,0,0,[0|0|0|0|0|0],0,0,0,0,0,0,0,0,0,0,0,0,0,0,0,0
164,[Limgrave] Third Church of Marika,1,0,[0|0|0],0,0,278,999,0,0,0,0,0,0,0,0,1,0,0,0,0,0,0,60,46,38,0,-101.583,3.483,71.813,610003,0,76104,-1,0,0,-1,0,0,-1,0,0,-1,0,0,-1,0,0,-1,0,0,-1,0,0,0,0,0,0,0,0,0,0,-1,0,0,0,-1,-1,-1,0,1,0,0,0,0,[0|0|0|0|0|0],0,0,0,0,0,0,0,0,0,0,0,0,0,0,0,0
165,[Limgrave] Fort Haight West,1,0,[0|0|0],0,0,278,999,0,0,0,0,0,0,0,0,1,0,0,0,0,0,0,60,45,36,0,119.59,20.84,-43.99,610004,0,76105,-1,0,0,-1,0,0,-1,0,0,-1,0,0,-1,0,0,-1,0,0,-1,0,0,0,0,0,0,0,0,0,0,-1,0,0,0,-1,-1,-1,0,1,0,0,0,0,[0|0|0|0|0|0],0,0,0,0,0,0,0,0,0,0,0,0,0,0,0,0
166,[Limgrave] Forlorn Hound Evergaol,1,0,[0|0|0],0,0,278,999,0,0,0,0,0,0,0,0,1,0,0,0,0,0,0,60,44,35,0,-38.24,74.57,47.26,610005,0,76106,-1,0,0,-1,0,0,-1,0,0,-1,0,0,-1,0,0,-1,0,0,-1,0,0,0,0,0,0,0,0,0,0,-1,0,0,0,-1,-1,-1,0,1,0,0,0,0,[0|0|0|0|0|0],0,0,0,0,0,0,0,0,0,0,0,0,0,0,0,0
167,[Limgrave] Agheel Lake North,1,0,[0|0|0],0,0,278,999,0,0,0,0,0,0,0,0,1,0,0,0,0,0,0,60,43,37,0,-80.05,88.81,56.1,610007,0,76108,-1,0,0,-1,0,0,-1,0,0,-1,0,0,-1,0,0,-1,0,0,-1,0,0,0,0,0,0,0,0,0,0,-1,0,0,0,-1,-1,-1,0,1,0,0,0,0,[0|0|0|0|0|0],0,0,0,0,0,0,0,0,0,0,0,0,0,0,0,0
168,[Limgrave] Church of Dragon Communion,1,0,[0|0|0],0,0,278,999,0,0,0,0,0,0,0,0,1,0,0,0,0,0,0,60,41,35,0,-54.55,26.77,-22.72,610008,0,76110,-1,0,0,-1,0,0,-1,0,0,-1,0,0,-1,0,0,-1,0,0,-1,0,0,0,0,0,0,0,0,0,0,-1,0,0,0,-1,-1,-1,0,1,0,0,0,0,[0|0|0|0|0|0],0,0,0,0,0,0,0,0,0,0,0,0,0,0,0,0
169,[Limgrave] Gatefront Ruins,1,0,[0|0|0],0,0,278,999,0,0,0,0,0,0,0,0,1,0,0,0,0,0,0,60,42,37,0,13.61,110.65,110.21,610009,0,76111,-1,0,0,-1,0,0,-1,0,0,-1,0,0,-1,0,0,-1,0,0,-1,0,0,0,0,0,0,0,0,0,0,-1,0,0,0,-1,-1,-1,0,1,0,0,0,0,[0|0|0|0|0|0],0,0,0,0,0,0,0,0,0,0,0,0,0,0,0,0
170,[Limgrave] Seaside Ruins,1,0,[0|0|0],0,0,278,999,0,0,0,0,0,0,0,0,1,0,0,0,0,0,0,60,43,35,0,-16.72,67.75,50.08,610011,0,76113,-1,0,0,-1,0,0,-1,0,0,-1,0,0,-1,0,0,-1,0,0,-1,0,0,0,0,0,0,0,0,0,0,-1,0,0,0,-1,-1,-1,0,1,0,0,0,0,[0|0|0|0|0|0],0,0,0,0,0,0,0,0,0,0,0,0,0,0,0,0
171,[Limgrave] Mistwood Outskirts,1,0,[0|0|0],0,0,278,999,0,0,0,0,0,0,0,0,1,0,0,0,0,0,0,60,44,37,0,122.2,26.18,108.18,610012,0,76114,-1,0,0,-1,0,0,-1,0,0,-1,0,0,-1,0,0,-1,0,0,-1,0,0,0,0,0,0,0,0,0,0,-1,0,0,0,-1,-1,-1,0,1,0,0,0,0,[0|0|0|0|0|0],0,0,0,0,0,0,0,0,0,0,0,0,0,0,0,0
172,[Limgrave] Murkwater Coast,1,0,[0|0|0],0,0,278,999,0,0,0,0,0,0,0,0,1,0,0,0,0,0,0,60,43,38,0,110.53,86.99,-43.13,610014,0,76116,-1,0,0,-1,0,0,-1,0,0,-1,0,0,-1,0,0,-1,0,0,-1,0,0,0,0,0,0,0,0,0,0,-1,0,0,0,-1,-1,-1,0,1,0,0,0,0,[0|0|0|0|0|0],0,0,0,0,0,0,0,0,0,0,0,0,0,0,0,0
173,[Stormhill] Saintsbridge,1,0,[0|0|0],0,0,278,999,0,0,0,0,0,0,0,0,1,0,0,0,0,0,0,60,43,39,0,20.2,157.11,0.87,610015,0,76117,-1,0,0,-1,0,0,-1,0,0,-1,0,0,-1,0,0,-1,0,0,-1,0,0,0,0,0,0,0,0,0,0,-1,0,0,0,-1,-1,-1,0,1,0,0,0,0,[0|0|0|0|0|0],0,0,0,0,0,0,0,0,0,0,0,0,0,0,0,0
174,[Stormhill] Warmaster's Shack,1,0,[0|0|0],0,0,278,999,0,0,0,0,0,0,0,0,1,0,0,0,0,0,0,60,42,38,0,8.94,187.95,99.03,610017,0,76118,-1,0,0,-1,0,0,-1,0,0,-1,0,0,-1,0,0,-1,0,0,-1,0,0,0,0,0,0,0,0,0,0,-1,0,0,0,-1,-1,-1,0,1,0,0,0,0,[0|0|0|0|0|0],0,0,0,0,0,0,0,0,0,0,0,0,0,0,0,0
175,[Limgrave] Summonwater Village Outskirts,1,0,[0|0|0],0,0,278,999,0,0,0,0,0,0,0,0,1,0,0,0,0,0,0,60,44,39,0,122.75,101.38,-40.09,610016,0,76119,-1,0,0,-1,0,0,-1,0,0,-1,0,0,-1,0,0,-1,0,0,-1,0,0,0,0,0,0,0,0,0,0,-1,0,0,0,-1,-1,-1,0,1,0,0,0,0,[0|0|0|0|0|0],0,0,0,0,0,0,0,0,0,0,0,0,0,0,0,0
176,[Limgrave] Waypoint Ruins Cellar,1,0,[0|0|0],0,0,278,999,0,0,0,0,0,0,0,0,1,0,0,0,0,0,0,60,44,36,0,15.3,80.9,32.01,610018,1044360800,76120,-1,0,0,-1,0,0,-1,0,0,-1,0,0,-1,0,0,-1,0,0,-1,0,0,0,0,0,0,0,0,0,0,-1,0,0,0,-1,-1,-1,0,1,0,0,0,0,[0|0|0|0|0|0],0,0,0,0,0,0,0,0,0,0,0,0,0,0,0,0
177,[Weeping Peninsula] Church of Pilgrimage,1,0,[0|0|0],0,0,278,999,0,0,0,0,0,0,0,0,1,0,0,0,0,0,0,60,43,34,0,-110.68,88.8,112.11,611012,0,76150,-1,0,0,-1,0,0,-1,0,0,-1,0,0,-1,0,0,-1,0,0,-1,0,0,0,0,0,0,0,0,0,0,-1,0,0,0,-1,-1,-1,0,1,0,0,0,0,[0|0|0|0|0|0],0,0,0,0,0,0,0,0,0,0,0,0,0,0,0,0
178,[Weeping Peninsula] Callu Baptismal Church,1,0,[0|0|0],0,0,281,999,0,0,0,0,0,0,0,0,1,0,0,0,0,0,0,60,44,33,0,81.25,43.31,-94.8,611001,0,76151,9245001,0,76151,-1,0,0,-1,0,0,-1,0,0,-1,0,0,-1,0,0,-1,0,0,0,0,0,0,0,0,0,0,-1,0,0,0,-1,-1,-1,0,1,0,0,0,0,[0|0|0|0|0|0],0,0,0,0,0,0,0,0,0,0,0,0,0,0,0,0
179,[Weeping Peninsula] Weeping Evergaol,1,0,[0|0|0],0,0,278,999,0,0,0,0,0,0,0,0,1,0,0,0,0,0,0,60,42,33,0,77.19,31.55,-35.46,611002,0,76152,-1,0,0,-1,0,0,-1,0,0,-1,0,0,-1,0,0,-1,0,0,-1,0,0,0,0,0,0,0,0,0,0,-1,0,0,0,-1,-1,-1,0,1,0,0,0,0,[0|0|0|0|0|0],0,0,0,0,0,0,0,0,0,0,0,0,0,0,0,0
180,[Weeping Peninsula] South of the Lookout Tower,1,0,[0|0|0],0,0,278,999,0,0,0,0,0,0,0,0,1,0,0,0,0,0,0,60,44,33,0,-21.75,44.52,83.04,611003,0,76153,-1,0,0,-1,0,0,-1,0,0,-1,0,0,-1,0,0,-1,0,0,-1,0,0,0,0,0,0,0,0,0,0,-1,0,0,0,-1,-1,-1,0,1,0,0,0,0,[0|0|0|0|0|0],0,0,0,0,0,0,0,0,0,0,0,0,0,0,0,0
181,[Weeping Peninsula] Ailing Village,1,0,[0|0|0],0,0,278,999,0,0,0,0,0,0,0,0,1,0,0,0,0,0,0,60,44,33,0,-67.41,84.3,74.5,611004,0,76154,-1,0,0,-1,0,0,-1,0,0,-1,0,0,-1,0,0,-1,0,0,-1,0,0,0,0,0,0,0,0,0,0,-1,0,0,0,-1,-1,-1,0,1,0,0,0,0,[0|0|0|0|0|0],0,0,0,0,0,0,0,0,0,0,0,0,0,0,0,0
182,[Weeping Peninsula] Oridys's Rise,1,0,[0|0|0],0,0,278,999,0,0,0,0,0,0,0,0,1,0,0,0,0,0,0,60,45,33,0,-66.14,72.35,59.46,611005,0,76155,-1,0,0,-1,0,0,-1,0,0,-1,0,0,-1,0,0,-1,0,0,-1,0,0,0,0,0,0,0,0,0,0,-1,0,0,0,-1,-1,-1,0,1,0,0,0,0,[0|0|0|0|0|0],0,0,0,0,0,0,0,0,0,0,0,0,0,0,0,0
183,[Weeping Peninsula] Isolated Merchant's Shack,1,0,[0|0|0],0,0,281,999,0,0,0,0,0,0,0,0,1,0,0,0,0,0,0,60,41,32,0,2.64,0.74,109.86,611006,0,76156,9245000,0,76156,-1,0,0,-1,0,0,-1,0,0,-1,0,0,-1,0,0,-1,0,0,0,0,0,0,0,0,0,0,-1,0,0,0,-1,-1,-1,0,1,0,0,0,0,[0|0|0|0|0|0],0,0,0,0,0,0,0,0,0,0,0,0,0,0,0,0
184,[Weeping Peninsula] Bridge of Sacrifice,1,0,[0|0|0],0,0,278,999,0,0,0,0,0,0,0,0,1,0,0,0,0,0,0,60,44,34,0,103.03,42.57,0.57,611007,0,76157,-1,0,0,-1,0,0,-1,0,0,-1,0,0,-1,0,0,-1,0,0,-1,0,0,0,0,0,0,0,0,0,0,-1,0,0,0,-1,-1,-1,0,1,0,0,0,0,[0|0|0|0|0|0],0,0,0,0,0,0,0,0,0,0,0,0,0,0,0,0
185,[Weeping Peninsula] Castle Morne,1,0,[0|0|0],0,0,278,999,0,0,0,0,0,0,0,0,1,0,0,0,0,0,0,60,43,31,0,104.4,14.26,-2.87,611008,0,76158,-1,0,0,-1,0,0,-1,0,0,-1,0,0,-1,0,0,-1,0,0,-1,0,0,0,0,0,0,0,0,0,0,-1,0,0,0,-1,-1,-1,0,1,0,0,0,0,[0|0|0|0|0|0],0,0,0,0,0,0,0,0,0,0,0,0,0,0,0,0
186,[Weeping Peninsula] Behind the Castle,1,0,[0|0|0],0,0,278,999,0,0,0,0,0,0,0,0,1,0,0,0,0,0,0,60,43,31,0,38.31,108.55,-115.67,611009,0,76159,-1,0,0,-1,0,0,-1,0,0,-1,0,0,-1,0,0,-1,0,0,-1,0,0,0,0,0,0,0,0,0,0,-1,0,0,0,-1,-1,-1,0,1,0,0,0,0,[0|0|0|0|0|0],0,0,0,0,0,0,0,0,0,0,0,0,0,0,0,0
187,[Weeping Peninsula] Beside the Rampart Gaol,1,0,[0|0|0],0,0,278,999,0,0,0,0,0,0,0,0,1,0,0,0,0,0,0,60,43,31,0,16.89,11.75,-143.52,611010,0,76160,-1,0,0,-1,0,0,-1,0,0,-1,0,0,-1,0,0,-1,0,0,-1,0,0,0,0,0,0,0,0,0,0,-1,0,0,0,-1,-1,-1,0,1,0,0,0,0,[0|0|0|0|0|0],0,0,0,0,0,0,0,0,0,0,0,0,0,0,0,0
188,[Weeping Peninsula] Morne Moangrave,1,0,[0|0|0],0,0,278,999,0,0,0,0,0,0,0,0,1,0,0,0,0,0,0,60,43,30,0,-31.1,0.51,-12.64,611011,1043300800,76161,-1,0,0,-1,0,0,-1,0,0,-1,0,0,-1,0,0,-1,0,0,-1,0,0,0,0,0,0,0,0,0,0,-1,0,0,0,-1,-1,-1,0,1,0,0,0,0,[0|0|0|0|0|0],0,0,0,0,0,0,0,0,0,0,0,0,0,0,0,0
189,[Weeping Peninsula] Fourth Church of Marika,1,0,[0|0|0],0,0,278,999,0,0,0,0,0,0,0,0,1,0,0,0,0,0,0,60,41,33,0,53.79,32.64,65.57,611000,0,76162,-1,0,0,-1,0,0,-1,0,0,-1,0,0,-1,0,0,-1,0,0,-1,0,0,0,0,0,0,0,0,0,0,-1,0,0,0,-1,-1,-1,0,1,0,0,0,0,[0|0|0|0|0|0],0,0,0,0,0,0,0,0,0,0,0,0,0,0,0,0
190,[Liurnia of the Lakes] Lake-Facing Cliffs,1,0,[0|0|0],0,0,278,999,0,0,0,0,0,0,0,0,1,0,0,0,0,0,0,60,39,40,0,16.21,337.66,-71.12,620000,0,76200,-1,0,0,-1,0,0,-1,0,0,-1,0,0,-1,0,0,-1,0,0,-1,0,0,0,0,0,0,0,0,0,0,-1,0,0,0,-1,-1,-1,0,1,0,0,0,0,[0|0|0|0|0|0],0,0,0,0,0,0,0,0,0,0,0,0,0,0,0,0
191,[Liurnia of the Lakes] Liurnia Lake Shore,1,0,[0|0|0],0,0,281,999,0,0,0,0,0,0,0,0,1,0,0,0,0,0,0,60,38,40,0,44.1,238.15,115.16,620001,0,76201,9245001,0,76201,-1,0,0,-1,0,0,-1,0,0,-1,0,0,-1,0,0,-1,0,0,0,0,0,0,0,0,0,0,-1,0,0,0,-1,-1,-1,0,1,0,0,0,0,[0|0|0|0|0|0],0,0,0,0,0,0,0,0,0,0,0,0,0,0,0,0
192,[Liurnia of the Lakes] Malefactor's Evergaol,1,0,[0|0|0],0,0,278,999,0,0,0,0,0,0,0,0,1,0,0,0,0,0,0,60,38,41,0,-79.03,237.38,76.52,620002,0,76202,-1,0,0,-1,0,0,-1,0,0,-1,0,0,-1,0,0,-1,0,0,-1,0,0,0,0,0,0,0,0,0,0,-1,0,0,0,-1,-1,-1,0,1,0,0,0,0,[0|0|0|0|0|0],0,0,0,0,0,0,0,0,0,0,0,0,0,0,0,0
193,[Liurnia of the Lakes] Laskyar Ruins,1,0,[0|0|0],0,0,278,999,0,0,0,0,0,0,0,0,1,0,0,0,0,0,0,60,37,42,0,-98.21,249.63,24.97,620003,0,76203,-1,0,0,-1,0,0,-1,0,0,-1,0,0,-1,0,0,-1,0,0,-1,0,0,0,0,0,0,0,0,0,0,-1,0,0,0,-1,-1,-1,0,1,0,0,0,0,[0|0|0|0|0|0],0,0,0,0,0,0,0,0,0,0,0,0,0,0,0,0
194,[Liurnia of the Lakes] Academy Gate Town,1,0,[0|0|0],0,0,278,999,0,0,0,0,0,0,0,0,1,0,0,0,0,0,0,60,37,44,0,-30.06,237.57,-97.82,620004,0,76204,-1,0,0,-1,0,0,-1,0,0,-1,0,0,-1,0,0,-1,0,0,-1,0,0,0,0,0,0,0,0,0,0,-1,0,0,0,-1,-1,-1,0,1,0,0,0,0,[0|0|0|0|0|0],0,0,0,0,0,0,0,0,0,0,0,0,0,0,0,0
195,[Liurnia of the Lakes] South Raya Lucaria Gate,1,0,[0|0|0],0,0,278,999,0,0,0,0,0,0,0,0,1,0,0,0,0,0,0,60,35,45,0,106.46,268.08,-62.87,620061,0,76205,-1,0,0,-1,0,0,-1,0,0,-1,0,0,-1,0,0,-1,0,0,-1,0,0,0,0,0,0,0,0,0,0,-1,0,0,0,-1,-1,-1,0,1,0,0,0,0,[0|0|0|0|0|0],0,0,0,0,0,0,0,0,0,0,0,0,0,0,0,0
196,[Liurnia of the Lakes] Main Academy Gate,1,0,[0|0|0],0,0,278,999,0,0,0,0,0,0,0,0,1,0,0,0,0,0,0,60,35,46,0,-91.78,321.74,-31.43,620005,0,76206,-1,0,0,-1,0,0,-1,0,0,-1,0,0,-1,0,0,-1,0,0,-1,0,0,0,0,0,0,0,0,0,0,-1,0,0,0,-1,-1,-1,0,1,0,0,0,0,[0|0|0|0|0|0],0,0,0,0,0,0,0,0,0,0,0,0,0,0,0,0
197,[Bellum Highway] East Raya Lucaria Gate,1,0,[0|0|0],0,0,278,999,0,0,0,0,0,0,0,0,1,0,0,0,0,0,0,60,36,48,0,-87.24,320.99,-98.51,620010,0,76207,-1,0,0,-1,0,0,-1,0,0,-1,0,0,-1,0,0,-1,0,0,-1,0,0,0,0,0,0,0,0,0,0,-1,0,0,0,-1,-1,-1,0,1,0,0,0,0,[0|0|0|0|0|0],0,0,0,0,0,0,0,0,0,0,0,0,0,0,0,0
198,[Bellum Highway] Bellum Church,1,0,[0|0|0],0,0,278,999,0,0,0,0,0,0,0,0,1,0,0,0,0,0,0,60,36,49,0,8.32,322,-92.02,620011,0,76208,-1,0,0,-1,0,0,-1,0,0,-1,0,0,-1,0,0,-1,0,0,-1,0,0,0,0,0,0,0,0,0,0,-1,0,0,0,-1,-1,-1,0,1,0,0,0,0,[0|0|0|0|0|0],0,0,0,0,0,0,0,0,0,0,0,0,0,0,0,0
199,[Liurnia of the Lakes] Grand Lift of Dectus,1,0,[0|0|0],0,0,278,999,0,0,0,0,0,0,0,0,1,0,0,0,0,0,0,60,38,50,0,-17.34,367.07,-63.15,620012,0,76209,-1,0,0,-1,0,0,-1,0,0,-1,0,0,-1,0,0,-1,0,0,-1,0,0,0,0,0,0,0,0,0,0,-1,0,0,0,-1,-1,-1,0,1,0,0,0,0,[0|0|0|0|0|0],0,0,0,0,0,0,0,0,0,0,0,0,0,0,0,0
200,[Liurnia of the Lakes] Foot of the Four Belfries,1,0,[0|0|0],0,0,278,999,0,0,0,0,0,0,0,0,1,0,0,0,0,0,0,60,33,46,0,-59.88,261.12,-64.6,620020,0,76210,-1,0,0,-1,0,0,-1,0,0,-1,0,0,-1,0,0,-1,0,0,-1,0,0,0,0,0,0,0,0,0,0,-1,0,0,0,-1,-1,-1,0,1,0,0,0,0,[0|0|0|0|0|0],0,0,0,0,0,0,0,0,0,0,0,0,0,0,0,0
201,[Liurnia of the Lakes] Sorcerer's Isle,1,0,[0|0|0],0,0,278,999,0,0,0,0,0,0,0,0,1,0,0,0,0,0,0,60,34,47,0,76.72,240.07,45.37,620021,0,76211,-1,0,0,-1,0,0,-1,0,0,-1,0,0,-1,0,0,-1,0,0,-1,0,0,0,0,0,0,0,0,0,0,-1,0,0,0,-1,-1,-1,0,1,0,0,0,0,[0|0|0|0|0|0],0,0,0,0,0,0,0,0,0,0,0,0,0,0,0,0
202,[Liurnia of the Lakes] Kingsrealm Ruins,1,0,[0|0|0],0,0,278,999,0,0,0,0,0,0,0,0,1,0,0,0,0,0,0,60,34,48,0,-52.58,256.58,13.38,620022,0,76212,-1,0,0,-1,0,0,-1,0,0,-1,0,0,-1,0,0,-1,0,0,-1,0,0,0,0,0,0,0,0,0,0,-1,0,0,0,-1,-1,-1,0,1,0,0,0,0,[0|0|0|0|0|0],0,0,0,0,0,0,0,0,0,0,0,0,0,0,0,0
203,[Liurnia of the Lakes] Road to the Manor,1,0,[0|0|0],0,0,278,999,0,0,0,0,0,0,0,0,1,0,0,0,0,0,0,60,34,49,0,52.06,272.87,-68.56,620023,0,76213,-1,0,0,-1,0,0,-1,0,0,-1,0,0,-1,0,0,-1,0,0,-1,0,0,0,0,0,0,0,0,0,0,-1,0,0,0,-1,-1,-1,0,1,0,0,0,0,[0|0|0|0|0|0],0,0,0,0,0,0,0,0,0,0,0,0,0,0,0,0
204,[Liurnia of the Lakes] Main Caria Manor Gate,1,0,[0|0|0],0,0,278,999,0,0,0,0,0,0,0,0,1,0,0,0,0,0,0,60,35,50,0,-17.49,316.03,-134.37,620024,0,76214,-1,0,0,-1,0,0,-1,0,0,-1,0,0,-1,0,0,-1,0,0,-1,0,0,0,0,0,0,0,0,0,0,-1,0,0,0,-1,-1,-1,0,1,0,0,0,0,[0|0|0|0|0|0],0,0,0,0,0,0,0,0,0,0,0,0,0,0,0,0
205,[Liurnia of the Lakes] Slumbering Wolf's Shack,1,0,[0|0|0],0,0,278,999,0,0,0,0,0,0,0,0,1,0,0,0,0,0,0,60,36,41,0,138.33,151.14,-62.47,620030,0,76215,-1,0,0,-1,0,0,-1,0,0,-1,0,0,-1,0,0,-1,0,0,-1,0,0,0,0,0,0,0,0,0,0,-1,0,0,0,-1,-1,-1,0,1,0,0,0,0,[0|0|0|0|0|0],0,0,0,0,0,0,0,0,0,0,0,0,0,0,0,0
206,[Liurnia of the Lakes] Boilprawn Shack,1,0,[0|0|0],0,0,278,999,0,0,0,0,0,0,0,0,1,0,0,0,0,0,0,60,36,43,0,81.71,237.69,-60.06,620031,0,76216,-1,0,0,-1,0,0,-1,0,0,-1,0,0,-1,0,0,-1,0,0,-1,0,0,0,0,0,0,0,0,0,0,-1,0,0,0,-1,-1,-1,0,1,0,0,0,0,[0|0|0|0|0|0],0,0,0,0,0,0,0,0,0,0,0,0,0,0,0,0
207,[Liurnia of the Lakes] Artist's Shack,1,0,[0|0|0],0,0,278,999,0,0,0,0,0,0,0,0,1,0,0,0,0,0,0,60,38,45,0,95.38,318.4,-115.33,620032,0,76217,-1,0,0,-1,0,0,-1,0,0,-1,0,0,-1,0,0,-1,0,0,-1,0,0,0,0,0,0,0,0,0,0,-1,0,0,0,-1,-1,-1,0,1,0,0,0,0,[0|0|0|0|0|0],0,0,0,0,0,0,0,0,0,0,0,0,0,0,0,0
208,[Liurnia of the Lakes] Revenger's Shack,1,0,[0|0|0],0,0,278,999,0,0,0,0,0,0,0,0,1,0,0,0,0,0,0,60,33,44,0,17.43,256.91,20.05,620033,0,76218,-1,0,0,-1,0,0,-1,0,0,-1,0,0,-1,0,0,-1,0,0,-1,0,0,0,0,0,0,0,0,0,0,-1,0,0,0,-1,-1,-1,0,1,0,0,0,0,[0|0|0|0|0|0],0,0,0,0,0,0,0,0,0,0,0,0,0,0,0,0
209,[Liurnia of the Lakes] Folly on the Lake,1,0,[0|0|0],0,0,278,999,0,0,0,0,0,0,0,0,1,0,0,0,0,0,0,60,35,43,0,26.44,239.82,-116.25,620034,0,76219,-1,0,0,-1,0,0,-1,0,0,-1,0,0,-1,0,0,-1,0,0,-1,0,0,0,0,0,0,0,0,0,0,-1,0,0,0,-1,-1,-1,0,1,0,0,0,0,[0|0|0|0|0|0],0,0,0,0,0,0,0,0,0,0,0,0,0,0,0,0
210,[Liurnia of the Lakes] Moonfolk Ruins,1,0,[0|0|0],0,0,278,999,0,0,0,0,0,0,0,0,1,0,0,0,0,0,0,60,34,42,0,49.58,269.58,-100.06,620035,0,76220,-1,0,0,-1,0,0,-1,0,0,-1,0,0,-1,0,0,-1,0,0,-1,0,0,0,0,0,0,0,0,0,0,-1,0,0,0,-1,-1,-1,0,1,0,0,0,0,[0|0|0|0|0|0],0,0,0,0,0,0,0,0,0,0,0,0,0,0,0,0
211,[Liurnia of the Lakes] Liurnia Highway North,1,0,[0|0|0],0,0,278,999,0,0,0,0,0,0,0,0,1,0,0,0,0,0,0,60,39,42,0,-7.63,273.51,-40.21,620036,0,76221,-1,0,0,-1,0,0,-1,0,0,-1,0,0,-1,0,0,-1,0,0,-1,0,0,0,0,0,0,0,0,0,0,-1,0,0,0,-1,-1,-1,0,1,0,0,0,0,[0|0|0|0|0|0],0,0,0,0,0,0,0,0,0,0,0,0,0,0,0,0
212,[Liurnia of the Lakes] Gate Town Bridge,1,0,[0|0|0],0,0,278,999,0,0,0,0,0,0,0,0,1,0,0,0,0,0,0,60,38,43,0,51.6,257.79,27.8,620037,0,76222,-1,0,0,-1,0,0,-1,0,0,-1,0,0,-1,0,0,-1,0,0,-1,0,0,0,0,0,0,0,0,0,0,-1,0,0,0,-1,-1,-1,0,1,0,0,0,0,[0|0|0|0|0|0],0,0,0,0,0,0,0,0,0,0,0,0,0,0,0,0
213,[Liurnia of the Lakes] Eastern Liurnia Lake Shore,1,0,[0|0|0],0,0,278,999,0,0,0,0,0,0,0,0,1,0,0,0,0,0,0,60,38,45,0,-32.49,237.86,-20.37,620038,0,76223,-1,0,0,-1,0,0,-1,0,0,-1,0,0,-1,0,0,-1,0,0,-1,0,0,0,0,0,0,0,0,0,0,-1,0,0,0,-1,-1,-1,0,1,0,0,0,0,[0|0|0|0|0|0],0,0,0,0,0,0,0,0,0,0,0,0,0,0,0,0
214,[Liurnia of the Lakes] Church of Vows,1,0,[0|0|0],0,0,278,999,0,0,0,0,0,0,0,0,1,0,0,0,0,0,0,60,37,46,0,-9.84,396.79,22.98,620039,0,76224,-1,0,0,-1,0,0,-1,0,0,-1,0,0,-1,0,0,-1,0,0,-1,0,0,0,0,0,0,0,0,0,0,-1,0,0,0,-1,-1,-1,0,1,0,0,0,0,[0|0|0|0|0|0],0,0,0,0,0,0,0,0,0,0,0,0,0,0,0,0
215,[Liurnia of the Lakes] Uld Palace Ruins,1,0,[0|0|0],0,0,278,999,0,0,0,0,0,0,0,0,1,0,0,0,0,0,0,60,38,47,0,-103.05,372.84,-7.04,620040,0,76225,-1,0,0,-1,0,0,-1,0,0,-1,0,0,-1,0,0,-1,0,0,-1,0,0,0,0,0,0,0,0,0,0,-1,0,0,0,-1,-1,-1,0,1,0,0,0,0,[0|0|0|0|0|0],0,0,0,0,0,0,0,0,0,0,0,0,0,0,0,0
216,[Liurnia of the Lakes] Mausoleum Compound,1,0,[0|0|0],0,0,278,999,0,0,0,0,0,0,0,0,1,0,0,0,0,0,0,60,37,48,0,49.11,393.81,-123.5,620041,0,76226,-1,0,0,-1,0,0,-1,0,0,-1,0,0,-1,0,0,-1,0,0,-1,0,0,0,0,0,0,0,0,0,0,-1,0,0,0,-1,-1,-1,0,1,0,0,0,0,[0|0|0|0|0|0],0,0,0,0,0,0,0,0,0,0,0,0,0,0,0,0
217,[Liurnia of the Lakes] The Four Belfries,1,0,[0|0|0],0,0,278,999,0,0,0,0,0,0,0,0,1,0,0,0,0,0,0,60,33,47,0,63.31,378.49,-102.03,620042,0,76227,-1,0,0,-1,0,0,-1,0,0,-1,0,0,-1,0,0,-1,0,0,-1,0,0,0,0,0,0,0,0,0,0,-1,0,0,0,-1,-1,-1,0,1,0,0,0,0,[0|0|0|0|0|0],0,0,0,0,0,0,0,0,0,0,0,0,0,0,0,0
218,[Liurnia of the Lakes] Ranni's Rise,1,0,[0|0|0],0,0,278,999,0,0,0,0,0,0,0,0,1,0,0,0,0,0,0,60,34,50,0,-85.66,476.08,13.37,620043,0,76228,-1,0,0,-1,0,0,-1,0,0,-1,0,0,-1,0,0,-1,0,0,-1,0,0,0,0,0,0,0,0,0,0,-1,0,0,0,-1,-1,-1,0,1,0,0,0,0,[0|0|0|0|0|0],0,0,0,0,0,0,0,0,0,0,0,0,0,0,0,0
219,[Liurnia of the Lakes] Ravine-Veiled Village,1,0,[0|0|0],0,0,278,999,0,0,0,0,0,0,0,0,1,0,0,0,0,0,0,60,38,50,0,-123.6,240.71,95.07,620044,0,76229,-1,0,0,-1,0,0,-1,0,0,-1,0,0,-1,0,0,-1,0,0,-1,0,0,0,0,0,0,0,0,0,0,-1,0,0,0,-1,-1,-1,0,1,0,0,0,0,[0|0|0|0|0|0],0,0,0,0,0,0,0,0,0,0,0,0,0,0,0,0
220,[Liurnia of the Lakes] Caria Manor,1,0,[0|0|0],0,0,278,999,0,0,0,0,0,0,0,0,1,0,0,0,0,0,0,60,35,50,0,102.2,406.41,-43.32,620045,0,76230,-1,0,0,-1,0,0,-1,0,0,-1,0,0,-1,0,0,-1,0,0,-1,0,0,0,0,0,0,0,0,0,0,-1,0,0,0,-1,-1,-1,0,1,0,0,0,0,[0|0|0|0|0|0],0,0,0,0,0,0,0,0,0,0,0,0,0,0,0,0
221,[Liurnia of the Lakes] Manor Lower Level,1,0,[0|0|0],0,0,278,999,0,0,0,0,0,0,0,0,1,0,0,0,0,0,0,60,35,50,0,-76.3,350.52,-36.48,620046,0,76231,-1,0,0,-1,0,0,-1,0,0,-1,0,0,-1,0,0,-1,0,0,-1,0,0,0,0,0,0,0,0,0,0,-1,0,0,0,-1,-1,-1,0,1,0,0,0,0,[0|0|0|0|0|0],0,0,0,0,0,0,0,0,0,0,0,0,0,0,0,0
222,[Liurnia of the Lakes] Royal Moongazing Grounds,1,0,[0|0|0],0,0,278,999,0,0,0,0,0,0,0,0,1,0,0,0,0,0,0,60,35,50,0,-31.9,430.946,100.499,620047,1035500800,76232,-1,0,0,-1,0,0,-1,0,0,-1,0,0,-1,0,0,-1,0,0,-1,0,0,0,0,0,0,0,0,0,0,-1,0,0,0,-1,-1,-1,0,1,0,0,0,0,[0|0|0|0|0|0],0,0,0,0,0,0,0,0,0,0,0,0,0,0,0,0
223,[Liurnia of the Lakes] Gate Town North,1,0,[0|0|0],0,0,278,999,0,0,0,0,0,0,0,0,1,0,0,0,0,0,0,60,36,45,0,-62.85,239.86,109.64,620048,0,76233,-1,0,0,-1,0,0,-1,0,0,-1,0,0,-1,0,0,-1,0,0,-1,0,0,0,0,0,0,0,0,0,0,-1,0,0,0,-1,-1,-1,0,1,0,0,0,0,[0|0|0|0|0|0],0,0,0,0,0,0,0,0,0,0,0,0,0,0,0,0
224,[Liurnia of the Lakes] Ainsel River Well,1,0,[0|0|0],0,0,278,999,0,0,0,0,0,0,0,0,1,0,0,0,0,0,0,60,38,46,0,53.62,290.48,-50.22,620049,0,76234,-1,0,0,-1,0,0,-1,0,0,-1,0,0,-1,0,0,-1,0,0,-1,0,0,0,0,0,0,0,0,0,0,-1,0,0,0,-1,-1,-1,0,1,0,0,0,0,[0|0|0|0|0|0],0,0,0,0,0,0,0,0,0,0,0,0,0,0,0,0
225,[Liurnia of the Lakes] The Ravine,1,0,[0|0|0],0,0,278,999,0,0,0,0,0,0,0,0,1,0,0,0,0,0,0,60,36,49,0,-62.22,237.77,-12.86,620050,0,76235,-1,0,0,-1,0,0,-1,0,0,-1,0,0,-1,0,0,-1,0,0,-1,0,0,0,0,0,0,0,0,0,0,-1,0,0,0,-1,-1,-1,0,1,0,0,0,0,[0|0|0|0|0|0],0,0,0,0,0,0,0,0,0,0,0,0,0,0,0,0
226,[Liurnia of the Lakes] Fallen Ruins of the Lake,1,0,[0|0|0],0,0,278,999,0,0,0,0,0,0,0,0,1,0,0,0,0,0,0,60,36,43,0,-118.9,242.78,137.47,620051,0,76236,-1,0,0,-1,0,0,-1,0,0,-1,0,0,-1,0,0,-1,0,0,-1,0,0,0,0,0,0,0,0,0,0,-1,0,0,0,-1,-1,-1,0,1,0,0,0,0,[0|0|0|0|0|0],0,0,0,0,0,0,0,0,0,0,0,0,0,0,0,0
227,[Liurnia of the Lakes] Converted Tower,1,0,[0|0|0],0,0,278,999,0,0,0,0,0,0,0,0,1,0,0,0,0,0,0,60,34,43,0,-91.48,263.52,-98.71,620052,0,76237,-1,0,0,-1,0,0,-1,0,0,-1,0,0,-1,0,0,-1,0,0,-1,0,0,0,0,0,0,0,0,0,0,-1,0,0,0,-1,-1,-1,0,1,0,0,0,0,[0|0|0|0|0|0],0,0,0,0,0,0,0,0,0,0,0,0,0,0,0,0
228,[Liurnia of the Lakes] Royal Grave Evergaol,1,0,[0|0|0],0,0,278,999,0,0,0,0,0,0,0,0,1,0,0,0,0,0,0,60,36,50,0,-84.56,396.73,74.55,620053,0,76238,-1,0,0,-1,0,0,-1,0,0,-1,0,0,-1,0,0,-1,0,0,-1,0,0,0,0,0,0,0,0,0,0,-1,0,0,0,-1,-1,-1,0,1,0,0,0,0,[0|0|0|0|0|0],0,0,0,0,0,0,0,0,0,0,0,0,0,0,0,0
229,[Bellum Highway] Frenzied Flame Village,1,0,[0|0|0],0,0,278,999,0,0,0,0,0,0,0,0,1,0,0,0,0,0,0,60,38,48,0,50.22,449.73,70.93,620054,0,76239,-1,0,0,-1,0,0,-1,0,0,-1,0,0,-1,0,0,-1,0,0,-1,0,0,0,0,0,0,0,0,0,0,-1,0,0,0,-1,-1,-1,0,1,0,0,0,0,[0|0|0|0|0|0],0,0,0,0,0,0,0,0,0,0,0,0,0,0,0,0
230,[Bellum Highway] Church of Inhibition,1,0,[0|0|0],0,0,278,999,0,0,0,0,0,0,0,0,1,0,0,0,0,0,0,60,37,49,0,75.66,494.09,-28.49,620055,0,76240,-1,0,0,-1,0,0,-1,0,0,-1,0,0,-1,0,0,-1,0,0,-1,0,0,0,0,0,0,0,0,0,0,-1,0,0,0,-1,-1,-1,0,1,0,0,0,0,[0|0|0|0|0|0],0,0,0,0,0,0,0,0,0,0,0,0,0,0,0,0
231,[Liurnia of the Lakes] Temple Quarter,1,0,[0|0|0],0,0,278,999,0,0,0,0,0,0,0,0,1,0,0,0,0,0,0,60,34,44,0,-41.73,237.59,122.91,620056,0,76241,-1,0,0,-1,0,0,-1,0,0,-1,0,0,-1,0,0,-1,0,0,-1,0,0,0,0,0,0,0,0,0,0,-1,0,0,0,-1,-1,-1,0,1,0,0,0,0,[0|0|0|0|0|0],0,0,0,0,0,0,0,0,0,0,0,0,0,0,0,0
232,[Liurnia of the Lakes] Testu's Rise,1,0,[0|0|0],0,0,278,999,0,0,0,0,0,0,0,0,1,0,0,0,0,0,0,60,35,47,0,32.99,238.03,-96.92,620057,0,76242,-1,0,0,-1,0,0,-1,0,0,-1,0,0,-1,0,0,-1,0,0,-1,0,0,0,0,0,0,0,0,0,0,-1,0,0,0,-1,-1,-1,0,1,0,0,0,0,[0|0|0|0|0|0],0,0,0,0,0,0,0,0,0,0,0,0,0,0,0,0
233,[Liurnia of the Lakes] Crystalline Woods,1,0,[0|0|0],0,0,278,999,0,0,0,0,0,0,0,0,1,0,0,0,0,0,0,60,34,46,0,6.38,237.38,-69.7,620058,0,76243,-1,0,0,-1,0,0,-1,0,0,-1,0,0,-1,0,0,-1,0,0,-1,0,0,0,0,0,0,0,0,0,0,-1,0,0,0,-1,-1,-1,0,1,0,0,0,0,[0|0|0|0|0|0],0,0,0,0,0,0,0,0,0,0,0,0,0,0,0,0
234,[Liurnia of the Lakes] Purified Ruins,1,0,[0|0|0],0,0,278,999,0,0,0,0,0,0,0,0,1,0,0,0,0,0,0,60,39,41,0,37.16,300.04,-122.96,620059,0,76244,-1,0,0,-1,0,0,-1,0,0,-1,0,0,-1,0,0,-1,0,0,-1,0,0,0,0,0,0,0,0,0,0,-1,0,0,0,-1,-1,-1,0,1,0,0,0,0,[0|0|0|0|0|0],0,0,0,0,0,0,0,0,0,0,0,0,0,0,0,0
235,[Liurnia of the Lakes] Jarburg,1,0,[0|0|0],0,0,278,999,0,0,0,0,0,0,0,0,1,0,0,0,0,0,0,60,39,44,0,47.52,221.25,-59.6,620060,0,76245,-1,0,0,-1,0,0,-1,0,0,-1,0,0,-1,0,0,-1,0,0,-1,0,0,0,0,0,0,0,0,0,0,-1,0,0,0,-1,-1,-1,0,1,0,0,0,0,[0|0|0|0|0|0],0,0,0,0,0,0,0,0,0,0,0,0,0,0,0,0
236,[Liurnia of the Lakes] Ranni's Chamber,1,0,[0|0|0],0,0,278,999,0,0,0,0,0,0,0,0,1,0,0,0,0,0,0,60,34,50,0,-56.9,511.64,24.1,620062,1034500703,76247,-1,0,0,-1,0,0,-1,0,0,-1,0,0,-1,0,0,-1,0,0,-1,0,0,0,0,0,0,0,0,0,0,-1,0,0,0,-1,-1,-1,0,1,0,0,0,0,[0|0|0|0|0|0],0,0,0,0,0,0,0,0,0,0,0,0,0,0,0,0
237,[Moonlight Altar] Deep Ainsel Well,1,0,[0|0|0],0,0,278,999,0,0,0,0,0,0,0,0,1,0,0,0,0,0,0,60,34,41,0,6.69,366.04,79.83,621000,0,76250,-1,0,0,-1,0,0,-1,0,0,-1,0,0,-1,0,0,-1,0,0,-1,0,0,0,0,0,0,0,0,0,0,-1,0,0,0,-1,-1,-1,0,1,0,0,0,0,[0|0|0|0|0|0],0,0,0,0,0,0,0,0,0,0,0,0,0,0,0,0
238,[Moonlight Altar] Village of the Albinaurics,1,0,[0|0|0],0,0,278,999,0,0,0,0,0,0,0,0,1,0,0,0,0,0,0,60,35,42,0,-14.04,408.05,-23.84,621001,0,76251,-1,0,0,-1,0,0,-1,0,0,-1,0,0,-1,0,0,-1,0,0,-1,0,0,0,0,0,0,0,0,0,0,-1,0,0,0,-1,-1,-1,0,1,0,0,0,0,[0|0|0|0|0|0],0,0,0,0,0,0,0,0,0,0,0,0,0,0,0,0
239,[Moonlight Altar] Chelona's Rise,1,0,[0|0|0],0,0,278,999,0,0,0,0,0,0,0,0,1,0,0,0,0,0,0,60,33,40,0,29,235.97,50.31,621002,0,76252,-1,0,0,-1,0,0,-1,0,0,-1,0,0,-1,0,0,-1,0,0,-1,0,0,0,0,0,0,0,0,0,0,-1,0,0,0,-1,-1,-1,0,1,0,0,0,0,[0|0|0|0|0|0],0,0,0,0,0,0,0,0,0,0,0,0,0,0,0,0
240,[Altus Plateau] Stormcaller Church,1,0,[0|0|0],0,0,278,999,0,0,0,0,0,0,0,0,1,0,0,0,0,0,0,60,37,51,0,-46.07,656.41,-62.55,630008,0,76300,-1,0,0,-1,0,0,-1,0,0,-1,0,0,-1,0,0,-1,0,0,-1,0,0,0,0,0,0,0,0,0,0,-1,0,0,0,-1,-1,-1,0,1,0,0,0,0,[0|0|0|0|0|0],0,0,0,0,0,0,0,0,0,0,0,0,0,0,0,0
241,[Altus Plateau] Altus Plateau,1,0,[0|0|0],0,0,278,999,0,0,0,0,0,0,0,0,1,0,0,0,0,0,0,60,38,50,0,55.76,764.4,82.93,630009,0,76301,-1,0,0,-1,0,0,-1,0,0,-1,0,0,-1,0,0,-1,0,0,-1,0,0,0,0,0,0,0,0,0,0,-1,0,0,0,-1,-1,-1,0,1,0,0,0,0,[0|0|0|0|0|0],0,0,0,0,0,0,0,0,0,0,0,0,0,0,0,0
242,[Altus Plateau] Lux Ruins,1,0,[0|0|0],0,0,278,999,0,0,0,0,0,0,0,0,1,0,0,0,0,0,0,60,38,51,0,-21.82,766.14,50.09,630000,0,76302,-1,0,0,-1,0,0,-1,0,0,-1,0,0,-1,0,0,-1,0,0,-1,0,0,0,0,0,0,0,0,0,0,-1,0,0,0,-1,-1,-1,0,1,0,0,0,0,[0|0|0|0|0|0],0,0,0,0,0,0,0,0,0,0,0,0,0,0,0,0
243,[Altus Plateau] Altus Highway Junction,1,0,[0|0|0],0,0,278,999,0,0,0,0,0,0,0,0,1,0,0,0,0,0,0,60,39,51,0,92.8,760.57,0.1,630003,0,76303,-1,0,0,-1,0,0,-1,0,0,-1,0,0,-1,0,0,-1,0,0,-1,0,0,0,0,0,0,0,0,0,0,-1,0,0,0,-1,-1,-1,0,1,0,0,0,0,[0|0|0|0|0|0],0,0,0,0,0,0,0,0,0,0,0,0,0,0,0,0
244,[Altus Plateau] St. Trina's Hideaway,1,0,[0|0|0],0,0,281,999,0,0,0,0,0,0,0,0,1,0,0,0,0,0,0,60,40,52,0,109.35,828.3,138.86,630007,0,76304,9245001,0,76304,-1,0,0,-1,0,0,-1,0,0,-1,0,0,-1,0,0,-1,0,0,0,0,0,0,0,0,0,0,-1,0,0,0,-1,-1,-1,0,1,0,0,0,0,[0|0|0|0|0|0],0,0,0,0,0,0,0,0,0,0,0,0,0,0,0,0
245,[Altus Plateau] Rampartside Path,1,0,[0|0|0],0,0,278,999,0,0,0,0,0,0,0,0,1,0,0,0,0,0,0,60,41,52,0,91.8,904.31,19.61,630004,0,76305,-1,0,0,-1,0,0,-1,0,0,-1,0,0,-1,0,0,-1,0,0,-1,0,0,0,0,0,0,0,0,0,0,-1,0,0,0,-1,-1,-1,0,1,0,0,0,0,[0|0|0|0|0|0],0,0,0,0,0,0,0,0,0,0,0,0,0,0,0,0
246,[Altus Plateau] Writheblood Ruins,1,0,[0|0|0],0,0,278,999,0,0,0,0,0,0,0,0,1,0,0,0,0,0,0,60,40,53,0,12.33,749.28,-80.48,630010,0,76306,-1,0,0,-1,0,0,-1,0,0,-1,0,0,-1,0,0,-1,0,0,-1,0,0,0,0,0,0,0,0,0,0,-1,0,0,0,-1,-1,-1,0,1,0,0,0,0,[0|0|0|0|0|0],0,0,0,0,0,0,0,0,0,0,0,0,0,0,0,0
247,[Altus Plateau] Road of Iniquity Side Path,1,0,[0|0|0],0,0,278,999,0,0,0,0,0,0,0,0,1,0,0,0,0,0,0,60,40,54,0,66.43,820.57,113.11,630006,0,76307,-1,0,0,-1,0,0,-1,0,0,-1,0,0,-1,0,0,-1,0,0,-1,0,0,0,0,0,0,0,0,0,0,-1,0,0,0,-1,-1,-1,0,1,0,0,0,0,[0|0|0|0|0|0],0,0,0,0,0,0,0,0,0,0,0,0,0,0,0,0
248,[Altus Plateau] Dominula Windmill Village,1,0,[0|0|0],0,0,278,999,0,0,0,0,0,0,0,0,1,0,0,0,0,0,0,60,41,54,0,76.832,887.299,73.999,630001,0,76308,-1,0,0,-1,0,0,-1,0,0,-1,0,0,-1,0,0,-1,0,0,-1,0,0,0,0,0,0,0,0,0,0,-1,0,0,0,-1,-1,-1,0,1,0,0,0,0,[0|0|0|0|0|0],0,0,0,0,0,0,0,0,0,0,0,0,0,0,0,0
249,[Capital Outskirts] Outer Wall Phantom Tree,1,0,[0|0|0],0,0,278,999,0,0,0,0,0,0,0,0,1,0,0,0,0,0,0,60,42,51,0,-51.35,850.44,-44.33,630011,0,76309,-1,0,0,-1,0,0,-1,0,0,-1,0,0,-1,0,0,-1,0,0,-1,0,0,0,0,0,0,0,0,0,0,-1,0,0,0,-1,-1,-1,0,1,0,0,0,0,[0|0|0|0|0|0],0,0,0,0,0,0,0,0,0,0,0,0,0,0,0,0
250,[Capital Outskirts] Minor Erdtree Church,1,0,[0|0|0],0,0,278,999,0,0,0,0,0,0,0,0,1,0,0,0,0,0,0,60,43,50,0,-116.5,910.02,-54.99,630002,0,76310,-1,0,0,-1,0,0,-1,0,0,-1,0,0,-1,0,0,-1,0,0,-1,0,0,0,0,0,0,0,0,0,0,-1,0,0,0,-1,-1,-1,0,1,0,0,0,0,[0|0|0|0|0|0],0,0,0,0,0,0,0,0,0,0,0,0,0,0,0,0
251,[Capital Outskirts] Hermit Merchant's Shack,1,0,[0|0|0],0,0,281,999,0,0,0,0,0,0,0,0,1,0,0,0,0,0,0,60,43,53,0,-3.15,992.98,10.57,630005,0,76311,9245002,0,76311,-1,0,0,-1,0,0,-1,0,0,-1,0,0,-1,0,0,-1,0,0,0,0,0,0,0,0,0,0,-1,0,0,0,-1,-1,-1,0,1,0,0,0,0,[0|0|0|0|0|0],0,0,0,0,0,0,0,0,0,0,0,0,0,0,0,0
252,[Capital Outskirts] Outer Wall Battleground,1,0,[0|0|0],0,0,278,999,0,0,0,0,0,0,0,0,1,0,0,0,0,0,0,60,43,53,0,-53.66,949.59,-78.08,630012,0,76312,-1,0,0,-1,0,0,-1,0,0,-1,0,0,-1,0,0,-1,0,0,-1,0,0,0,0,0,0,0,0,0,0,-1,0,0,0,-1,-1,-1,0,1,0,0,0,0,[0|0|0|0|0|0],0,0,0,0,0,0,0,0,0,0,0,0,0,0,0,0
253,[Altus Plateau] Windmill Heights,1,0,[0|0|0],0,0,278,999,0,0,0,0,0,0,0,0,1,0,0,0,0,0,0,60,42,55,0,-38.23,968.42,-36.02,630013,1042550800,76313,-1,0,0,-1,0,0,-1,0,0,-1,0,0,-1,0,0,-1,0,0,-1,0,0,0,0,0,0,0,0,0,0,-1,0,0,0,-1,-1,-1,0,1,0,0,0,0,[0|0|0|0|0|0],0,0,0,0,0,0,0,0,0,0,0,0,0,0,0,0
254,[Capital Outskirts] Capital Rampart,1,0,[0|0|0],0,0,278,999,0,0,0,0,0,0,0,0,1,0,0,0,0,0,0,60,45,52,0,-37.98,1028.37,-55.3,630014,0,76314,-1,0,0,-1,0,0,-1,0,0,-1,0,0,-1,0,0,-1,0,0,-1,0,0,0,0,0,0,0,0,0,0,-1,0,0,0,-1,-1,-1,0,1,0,0,0,0,[0|0|0|0|0|0],0,0,0,0,0,0,0,0,0,0,0,0,0,0,0,0
255,[Mt. Gelmir] Mirage Rise,1,0,[0|0|0],0,0,278,999,0,0,0,0,0,0,0,0,1,0,0,0,0,0,0,60,39,53,0,-98.556,812.818,37.453,631000,0,76350,-1,0,0,-1,0,0,-1,0,0,-1,0,0,-1,0,0,-1,0,0,-1,0,0,0,0,0,0,0,0,0,0,-1,0,0,0,-1,-1,-1,0,1,0,0,0,0,[0|0|0|0|0|0],0,0,0,0,0,0,0,0,0,0,0,0,0,0,0,0
256,[Mt. Gelmir] Corpse-Stench Shack,1,0,[0|0|0],0,0,278,999,0,0,0,0,0,0,0,0,1,0,0,0,0,0,0,60,38,54,0,28.188,861.175,-123.251,631002,0,76351,-1,0,0,-1,0,0,-1,0,0,-1,0,0,-1,0,0,-1,0,0,-1,0,0,0,0,0,0,0,0,0,0,-1,0,0,0,-1,-1,-1,0,1,0,0,0,0,[0|0|0|0|0|0],0,0,0,0,0,0,0,0,0,0,0,0,0,0,0,0
257,[Mt. Gelmir] Ninth Mt. Gelmir Campsite,1,0,[0|0|0],0,0,278,999,0,0,0,0,0,0,0,0,1,0,0,0,0,0,0,60,36,54,0,117.708,1010.797,25.469,631001,0,76352,-1,0,0,-1,0,0,-1,0,0,-1,0,0,-1,0,0,-1,0,0,-1,0,0,0,0,0,0,0,0,0,0,-1,0,0,0,-1,-1,-1,0,1,0,0,0,0,[0|0|0|0|0|0],0,0,0,0,0,0,0,0,0,0,0,0,0,0,0,0
258,[Mt. Gelmir] Road of Iniquity,1,0,[0|0|0],0,0,278,999,0,0,0,0,0,0,0,0,1,0,0,0,0,0,0,60,36,54,0,-18.436,930.956,-89.877,631003,0,76353,-1,0,0,-1,0,0,-1,0,0,-1,0,0,-1,0,0,-1,0,0,-1,0,0,0,0,0,0,0,0,0,0,-1,0,0,0,-1,-1,-1,0,1,0,0,0,0,[0|0|0|0|0|0],0,0,0,0,0,0,0,0,0,0,0,0,0,0,0,0
259,[Mt. Gelmir] Hermit Village,1,0,[0|0|0],0,0,278,999,0,0,0,0,0,0,0,0,1,0,0,0,0,0,0,60,37,52,0,64.429,792.704,55.267,631004,0,76354,-1,0,0,-1,0,0,-1,0,0,-1,0,0,-1,0,0,-1,0,0,-1,0,0,0,0,0,0,0,0,0,0,-1,0,0,0,-1,-1,-1,0,1,0,0,0,0,[0|0|0|0|0|0],0,0,0,0,0,0,0,0,0,0,0,0,0,0,0,0
260,[Mt. Gelmir] Seethewater Terminus,1,0,[0|0|0],0,0,278,999,0,0,0,0,0,0,0,0,1,0,0,0,0,0,0,60,35,53,0,126.246,794.736,80.353,631005,0,76355,-1,0,0,-1,0,0,-1,0,0,-1,0,0,-1,0,0,-1,0,0,-1,0,0,0,0,0,0,0,0,0,0,-1,0,0,0,-1,-1,-1,0,1,0,0,0,0,[0|0|0|0|0|0],0,0,0,0,0,0,0,0,0,0,0,0,0,0,0,0
261,[Mt. Gelmir] Hermit's Shack,1,0,[0|0|0],0,0,278,999,0,0,0,0,0,0,0,0,1,0,0,0,0,0,0,60,36,52,0,101.6,879.68,-24.59,631006,0,76356,-1,0,0,-1,0,0,-1,0,0,-1,0,0,-1,0,0,-1,0,0,-1,0,0,0,0,0,0,0,0,0,0,-1,0,0,0,-1,-1,-1,0,1,0,0,0,0,[0|0|0|0|0|0],0,0,0,0,0,0,0,0,0,0,0,0,0,0,0,0
262,[Mt. Gelmir] Primeval Sorcerer Azur,1,0,[0|0|0],0,0,278,999,0,0,0,0,0,0,0,0,1,0,0,0,0,0,0,60,37,53,0,5.19,904.734,-54.768,631007,0,76357,-1,0,0,-1,0,0,-1,0,0,-1,0,0,-1,0,0,-1,0,0,-1,0,0,0,0,0,0,0,0,0,0,-1,0,0,0,-1,-1,-1,0,1,0,0,0,0,[0|0|0|0|0|0],0,0,0,0,0,0,0,0,0,0,0,0,0,0,0,0
263,[Altus Plateau] The Shaded Castle,1,0,[0|0|0],0,0,278,999,0,0,0,0,0,0,0,0,1,0,0,0,0,0,0,60,39,54,0,21.95,725.01,-48.26,630051,0,76320,-1,0,0,-1,0,0,-1,0,0,-1,0,0,-1,0,0,-1,0,0,-1,0,0,0,0,0,0,0,0,0,0,-1,0,0,0,-1,-1,-1,0,1,0,0,0,0,[0|0|0|0|0|0],0,0,0,0,0,0,0,0,0,0,0,0,0,0,0,0
264,[Altus Plateau] Shaded Castle Inner Gate,1,0,[0|0|0],0,0,278,999,0,0,0,0,0,0,0,0,1,0,0,0,0,0,0,60,39,54,0,-50.87,734.78,48.29,630052,0,76321,-1,0,0,-1,0,0,-1,0,0,-1,0,0,-1,0,0,-1,0,0,-1,0,0,0,0,0,0,0,0,0,0,-1,0,0,0,-1,-1,-1,0,1,0,0,0,0,[0|0|0|0|0|0],0,0,0,0,0,0,0,0,0,0,0,0,0,0,0,0
265,[Altus Plateau] Castellan's Hall,1,0,[0|0|0],0,0,278,999,0,0,0,0,0,0,0,0,1,0,0,0,0,0,0,60,39,54,0,-46.95,768.39,56.37,630050,1039540800,76322,-1,0,0,-1,0,0,-1,0,0,-1,0,0,-1,0,0,-1,0,0,-1,0,0,0,0,0,0,0,0,0,0,-1,0,0,0,-1,-1,-1,0,1,0,0,0,0,[0|0|0|0|0|0],0,0,0,0,0,0,0,0,0,0,0,0,0,0,0,0
266,[Caelid] Smoldering Church,1,0,[0|0|0],0,0,278,999,0,0,0,0,0,0,0,0,1,0,0,0,0,0,0,60,46,40,0,-76.93,151.65,27.59,640000,0,76400,-1,0,0,-1,0,0,-1,0,0,-1,0,0,-1,0,0,-1,0,0,-1,0,0,0,0,0,0,0,0,0,0,-1,0,0,0,-1,-1,-1,0,1,0,0,0,0,[0|0|0|0|0|0],0,0,0,0,0,0,0,0,0,0,0,0,0,0,0,0
267,[Caelid] Shack of the Rotting,1,0,[0|0|0],0,0,278,999,0,0,0,0,0,0,0,0,1,0,0,0,0,0,0,60,46,40,0,105.37,171.01,-65.19,640001,0,76401,-1,0,0,-1,0,0,-1,0,0,-1,0,0,-1,0,0,-1,0,0,-1,0,0,0,0,0,0,0,0,0,0,-1,0,0,0,-1,-1,-1,0,1,0,0,0,0,[0|0|0|0|0|0],0,0,0,0,0,0,0,0,0,0,0,0,0,0,0,0
268,[Caelid] Fort Gael North,1,0,[0|0|0],0,0,278,999,0,0,0,0,0,0,0,0,1,0,0,0,0,0,0,60,47,39,0,-127.31,122.08,-82.08,640013,0,76402,-1,0,0,-1,0,0,-1,0,0,-1,0,0,-1,0,0,-1,0,0,-1,0,0,0,0,0,0,0,0,0,0,-1,0,0,0,-1,-1,-1,0,1,0,0,0,0,[0|0|0|0|0|0],0,0,0,0,0,0,0,0,0,0,0,0,0,0,0,0
269,[Caelid] Caelem Ruins,1,0,[0|0|0],0,0,278,999,0,0,0,0,0,0,0,0,1,0,0,0,0,0,0,60,47,40,0,105.3,164.36,-19.64,640005,0,76403,-1,0,0,-1,0,0,-1,0,0,-1,0,0,-1,0,0,-1,0,0,-1,0,0,0,0,0,0,0,0,0,0,-1,0,0,0,-1,-1,-1,0,1,0,0,0,0,[0|0|0|0|0|0],0,0,0,0,0,0,0,0,0,0,0,0,0,0,0,0
270,[Caelid] Cathedral of Dragon Communion,1,0,[0|0|0],0,0,278,999,0,0,0,0,0,0,0,0,1,0,0,0,0,0,0,60,48,36,0,38.53,126.59,99.69,640002,0,76404,-1,0,0,-1,0,0,-1,0,0,-1,0,0,-1,0,0,-1,0,0,-1,0,0,0,0,0,0,0,0,0,0,-1,0,0,0,-1,-1,-1,0,1,0,0,0,0,[0|0|0|0|0|0],0,0,0,0,0,0,0,0,0,0,0,0,0,0,0,0
271,[Caelid] Caelid Highway South,1,0,[0|0|0],0,0,278,999,0,0,0,0,0,0,0,0,1,0,0,0,0,0,0,60,48,37,0,-118.84,114.36,39.76,640019,0,76405,-1,0,0,-1,0,0,-1,0,0,-1,0,0,-1,0,0,-1,0,0,-1,0,0,0,0,0,0,0,0,0,0,-1,0,0,0,-1,-1,-1,0,1,0,0,0,0,[0|0|0|0|0|0],0,0,0,0,0,0,0,0,0,0,0,0,0,0,0,0
272,[Swamp of Aeonia] Street of Sages Ruins,1,0,[0|0|0],0,0,278,999,0,0,0,0,0,0,0,0,1,0,0,0,0,0,0,60,48,38,0,-2.02,71.81,-32.27,640015,0,76406,-1,0,0,-1,0,0,-1,0,0,-1,0,0,-1,0,0,-1,0,0,-1,0,0,0,0,0,0,0,0,0,0,-1,0,0,0,-1,-1,-1,0,1,0,0,0,0,[0|0|0|0|0|0],0,0,0,0,0,0,0,0,0,0,0,0,0,0,0,0
273,[Swamp of Aeonia] Astray from Caelid Highway North,1,0,[0|0|0],0,0,278,999,0,0,0,0,0,0,0,0,1,0,0,0,0,0,0,60,48,38,0,-104.24,98.17,22.25,640026,0,76407,-1,0,0,-1,0,0,-1,0,0,-1,0,0,-1,0,0,-1,0,0,-1,0,0,0,0,0,0,0,0,0,0,-1,0,0,0,-1,-1,-1,0,1,0,0,0,0,[0|0|0|0|0|0],0,0,0,0,0,0,0,0,0,0,0,0,0,0,0,0
274,[Caelid] Smoldering Wall,1,0,[0|0|0],0,0,278,999,0,0,0,0,0,0,0,0,1,0,0,0,0,0,0,60,48,39,0,-87.89,130.94,0.89,640003,0,76409,-1,0,0,-1,0,0,-1,0,0,-1,0,0,-1,0,0,-1,0,0,-1,0,0,0,0,0,0,0,0,0,0,-1,0,0,0,-1,-1,-1,0,1,0,0,0,0,[0|0|0|0|0|0],0,0,0,0,0,0,0,0,0,0,0,0,0,0,0,0
275,[Caelid] Deep Siofra Well,1,0,[0|0|0],0,0,278,999,0,0,0,0,0,0,0,0,1,0,0,0,0,0,0,60,48,40,0,110.11,113.92,1.96,640004,0,76410,-1,0,0,-1,0,0,-1,0,0,-1,0,0,-1,0,0,-1,0,0,-1,0,0,0,0,0,0,0,0,0,0,-1,0,0,0,-1,-1,-1,0,1,0,0,0,0,[0|0|0|0|0|0],0,0,0,0,0,0,0,0,0,0,0,0,0,0,0,0
276,[Caelid] Southern Aeonia Swamp Bank,1,0,[0|0|0],0,0,278,999,0,0,0,0,0,0,0,0,1,0,0,0,0,0,0,60,49,37,0,2.5,88.32,62.24,640016,0,76411,-1,0,0,-1,0,0,-1,0,0,-1,0,0,-1,0,0,-1,0,0,-1,0,0,0,0,0,0,0,0,0,0,-1,0,0,0,-1,-1,-1,0,1,0,0,0,0,[0|0|0|0|0|0],0,0,0,0,0,0,0,0,0,0,0,0,0,0,0,0
277,[Swamp of Aeonia] Heart of Aeonia,1,0,[0|0|0],0,0,278,999,0,0,0,0,0,0,0,0,1,0,0,0,0,0,0,60,49,38,0,-25.194,65.845,46.763,640007,1049380800,76412,-1,0,0,-1,0,0,-1,0,0,-1,0,0,-1,0,0,-1,0,0,-1,0,0,0,0,0,0,0,0,0,0,-1,0,0,0,-1,-1,-1,0,1,0,0,0,0,[0|0|0|0|0|0],0,0,0,0,0,0,0,0,0,0,0,0,0,0,0,0
278,[Swamp of Aeonia] Sellia Gateway,1,0,[0|0|0],0,0,278,999,0,0,0,0,0,0,0,0,1,0,0,0,0,0,0,60,49,38,0,-58.46,64.29,115.31,640028,0,76413,-1,0,0,-1,0,0,-1,0,0,-1,0,0,-1,0,0,-1,0,0,-1,0,0,0,0,0,0,0,0,0,0,-1,0,0,0,-1,-1,-1,0,1,0,0,0,0,[0|0|0|0|0|0],0,0,0,0,0,0,0,0,0,0,0,0,0,0,0,0
279,[Caelid] Sellia Evergaol,1,0,[0|0|0],0,0,278,999,0,0,0,0,0,0,0,0,1,0,0,0,0,0,0,60,49,39,0,128.5,99.36,54.99,640029,0,76414,-1,0,0,-1,0,0,-1,0,0,-1,0,0,-1,0,0,-1,0,0,-1,0,0,0,0,0,0,0,0,0,0,-1,0,0,0,-1,-1,-1,0,1,0,0,0,0,[0|0|0|0|0|0],0,0,0,0,0,0,0,0,0,0,0,0,0,0,0,0
280,[Caelid] Chair-Crypt of Sellia,1,0,[0|0|0],0,0,278,999,0,0,0,0,0,0,0,0,1,0,0,0,0,0,0,60,49,39,0,96.982,83.36,77.586,640008,1049390800,76415,-1,0,0,-1,0,0,-1,0,0,-1,0,0,-1,0,0,-1,0,0,-1,0,0,0,0,0,0,0,0,0,0,-1,0,0,0,-1,-1,-1,0,1,0,0,0,0,[0|0|0|0|0|0],0,0,0,0,0,0,0,0,0,0,0,0,0,0,0,0
281,[Caelid] Sellia Under-Stair,1,0,[0|0|0],0,0,278,999,0,0,0,0,0,0,0,0,1,0,0,0,0,0,0,60,49,39,0,99.48,65.49,-31.72,640017,0,76416,-1,0,0,-1,0,0,-1,0,0,-1,0,0,-1,0,0,-1,0,0,-1,0,0,0,0,0,0,0,0,0,0,-1,0,0,0,-1,-1,-1,0,1,0,0,0,0,[0|0|0|0|0|0],0,0,0,0,0,0,0,0,0,0,0,0,0,0,0,0
282,[Caelid] Impassable Greatbridge,1,0,[0|0|0],0,0,278,999,0,0,0,0,0,0,0,0,1,0,0,0,0,0,0,60,50,36,0,-68.31,38.73,-82.76,640009,0,76417,-1,0,0,-1,0,0,-1,0,0,-1,0,0,-1,0,0,-1,0,0,-1,0,0,0,0,0,0,0,0,0,0,-1,0,0,0,-1,-1,-1,0,1,0,0,0,0,[0|0|0|0|0|0],0,0,0,0,0,0,0,0,0,0,0,0,0,0,0,0
283,[Caelid] Gowry's Shack,1,0,[0|0|0],0,0,278,999,0,0,0,0,0,0,0,0,1,0,0,0,0,0,0,60,50,38,0,19.86,160.85,126.98,640018,0,76418,-1,0,0,-1,0,0,-1,0,0,-1,0,0,-1,0,0,-1,0,0,-1,0,0,0,0,0,0,0,0,0,0,-1,0,0,0,-1,-1,-1,0,1,0,0,0,0,[0|0|0|0|0|0],0,0,0,0,0,0,0,0,0,0,0,0,0,0,0,0
284,[Caelid] Redmane Castle Plaza,1,0,[0|0|0],0,0,278,999,0,0,0,0,0,0,0,0,1,0,0,0,0,0,0,60,51,36,0,81.61,91.82,18.93,640010,1051360800,76419,-1,0,0,-1,0,0,-1,0,0,-1,0,0,-1,0,0,-1,0,0,-1,0,0,0,0,0,0,0,0,0,0,-1,0,0,0,-1,-1,-1,0,1,0,0,0,0,[0|0|0|0|0|0],0,0,0,0,0,0,0,0,0,0,0,0,0,0,0,0
285,[Caelid] Chamber Outside the Plaza,1,0,[0|0|0],0,0,278,999,0,0,0,0,0,0,0,0,1,0,0,0,0,0,0,60,51,36,0,93.126,90.76,-40.192,640011,0,76420,-1,0,0,-1,0,0,-1,0,0,-1,0,0,-1,0,0,-1,0,0,-1,0,0,0,0,0,0,0,0,0,0,-1,0,0,0,-1,-1,-1,0,1,0,0,0,0,[0|0|0|0|0|0],0,0,0,0,0,0,0,0,0,0,0,0,0,0,0,0
286,[Caelid] Starscourge Radahn,1,0,[0|0|0],0,0,278,999,0,0,0,0,0,0,0,0,1,0,0,0,0,0,0,60,52,38,0,-43.54,34.29,-41.89,640014,1252380800,76422,-1,0,0,-1,0,0,-1,0,0,-1,0,0,-1,0,0,-1,0,0,-1,0,0,0,0,0,0,0,0,0,0,-1,0,0,0,-1,-1,-1,0,1,0,0,0,0,[0|0|0|0|0|0],0,0,0,0,0,0,0,0,0,0,0,0,0,0,0,0
287,[Greyoll's Dragonbarrow] Dragonbarrow West,1,0,[0|0|0],0,0,278,999,0,0,0,0,0,0,0,0,1,0,0,0,0,0,0,60,48,40,0,109.25,186.56,62.84,640020,0,76450,-1,0,0,-1,0,0,-1,0,0,-1,0,0,-1,0,0,-1,0,0,-1,0,0,0,0,0,0,0,0,0,0,-1,0,0,0,-1,-1,-1,0,1,0,0,0,0,[0|0|0|0|0|0],0,0,0,0,0,0,0,0,0,0,0,0,0,0,0,0
288,[Greyoll's Dragonbarrow] Isolated Merchant's Shack,1,0,[0|0|0],0,0,281,999,0,0,0,0,0,0,0,0,1,0,0,0,0,0,0,60,48,41,0,-85.99,226.31,-87.14,640006,0,76451,9245003,0,76451,-1,0,0,-1,0,0,-1,0,0,-1,0,0,-1,0,0,-1,0,0,0,0,0,0,0,0,0,0,-1,0,0,0,-1,-1,-1,0,1,0,0,0,0,[0|0|0|0|0|0],0,0,0,0,0,0,0,0,0,0,0,0,0,0,0,0
289,[Greyoll's Dragonbarrow] Dragonbarrow Fork,1,0,[0|0|0],0,0,278,999,0,0,0,0,0,0,0,0,1,0,0,0,0,0,0,60,50,40,0,76.04,155.39,124.15,640022,0,76452,-1,0,0,-1,0,0,-1,0,0,-1,0,0,-1,0,0,-1,0,0,-1,0,0,0,0,0,0,0,0,0,0,-1,0,0,0,-1,-1,-1,0,1,0,0,0,0,[0|0|0|0|0|0],0,0,0,0,0,0,0,0,0,0,0,0,0,0,0,0
290,[Greyoll's Dragonbarrow] Fort Faroth,1,0,[0|0|0],0,0,278,999,0,0,0,0,0,0,0,0,1,0,0,0,0,0,0,60,51,39,0,-79.37,257.02,123.39,640021,0,76453,-1,0,0,-1,0,0,-1,0,0,-1,0,0,-1,0,0,-1,0,0,-1,0,0,0,0,0,0,0,0,0,0,-1,0,0,0,-1,-1,-1,0,1,0,0,0,0,[0|0|0|0|0|0],0,0,0,0,0,0,0,0,0,0,0,0,0,0,0,0
291,[Greyoll's Dragonbarrow] Bestial Sanctum,1,0,[0|0|0],0,0,278,999,0,0,0,0,0,0,0,0,1,0,0,0,0,0,0,60,51,43,0,-47.14,345.36,15.59,640025,0,76454,-1,0,0,-1,0,0,-1,0,0,-1,0,0,-1,0,0,-1,0,0,-1,0,0,0,0,0,0,0,0,0,0,-1,0,0,0,-1,-1,-1,0,1,0,0,0,0,[0|0|0|0|0|0],0,0,0,0,0,0,0,0,0,0,0,0,0,0,0,0
292,[Greyoll's Dragonbarrow] Lenne's Rise,1,0,[0|0|0],0,0,278,999,0,0,0,0,0,0,0,0,1,0,0,0,0,0,0,60,52,41,0,23.46,219.01,6.63,640023,0,76455,-1,0,0,-1,0,0,-1,0,0,-1,0,0,-1,0,0,-1,0,0,-1,0,0,0,0,0,0,0,0,0,0,-1,0,0,0,-1,-1,-1,0,1,0,0,0,0,[0|0|0|0|0|0],0,0,0,0,0,0,0,0,0,0,0,0,0,0,0,0
293,[Greyoll's Dragonbarrow] Farum Greatbridge,1,0,[0|0|0],0,0,278,999,0,0,0,0,0,0,0,0,1,0,0,0,0,0,0,60,52,42,0,-108.62,252.31,26.08,640024,0,76456,-1,0,0,-1,0,0,-1,0,0,-1,0,0,-1,0,0,-1,0,0,-1,0,0,0,0,0,0,0,0,0,0,-1,0,0,0,-1,-1,-1,0,1,0,0,0,0,[0|0|0|0|0|0],0,0,0,0,0,0,0,0,0,0,0,0,0,0,0,0
294,[Forbidden Lands] Forbidden Lands,1,0,[0|0|0],0,0,278,999,0,0,0,0,0,0,0,0,1,0,0,0,0,0,0,60,47,51,0,-4.64,999.19,-24.16,650000,0,76500,-1,0,0,-1,0,0,-1,0,0,-1,0,0,-1,0,0,-1,0,0,-1,0,0,0,0,0,0,0,0,0,0,-1,0,0,0,-1,-1,-1,0,1,0,0,0,0,[0|0|0|0|0|0],0,0,0,0,0,0,0,0,0,0,0,0,0,0,0,0
295,[Mountaintops of the Giants] Zamor Ruins,1,0,[0|0|0],0,0,278,999,0,0,0,0,0,0,0,0,1,0,0,0,0,0,0,60,49,53,0,78.93,1559.27,100.96,650001,0,76501,-1,0,0,-1,0,0,-1,0,0,-1,0,0,-1,0,0,-1,0,0,-1,0,0,0,0,0,0,0,0,0,0,-1,0,0,0,-1,-1,-1,0,1,0,0,0,0,[0|0|0|0|0|0],0,0,0,0,0,0,0,0,0,0,0,0,0,0,0,0
296,[Forbidden Lands] Grand Lift of Rold,1,0,[0|0|0],0,0,278,999,0,0,0,0,0,0,0,0,1,0,0,0,0,0,0,60,49,53,0,-8.04,1063.01,-100.13,650010,0,76502,-1,0,0,-1,0,0,-1,0,0,-1,0,0,-1,0,0,-1,0,0,-1,0,0,0,0,0,0,0,0,0,0,-1,0,0,0,-1,-1,-1,0,1,0,0,0,0,[0|0|0|0|0|0],0,0,0,0,0,0,0,0,0,0,0,0,0,0,0,0
297,[Mountaintops of the Giants] Stargazers' Ruins,1,0,[0|0|0],0,0,278,999,0,0,0,0,0,0,0,0,1,0,0,0,0,0,0,60,51,56,0,-2.86,1611.14,-43.15,650002,0,76503,-1,0,0,-1,0,0,-1,0,0,-1,0,0,-1,0,0,-1,0,0,-1,0,0,0,0,0,0,0,0,0,0,-1,0,0,0,-1,-1,-1,0,1,0,0,0,0,[0|0|0|0|0|0],0,0,0,0,0,0,0,0,0,0,0,0,0,0,0,0
298,[Mountaintops of the Giants] Heretical Rise,1,0,[0|0|0],0,0,278,999,0,0,0,0,0,0,0,0,1,0,0,0,0,0,0,60,52,57,0,82.48,1625.79,77.83,650003,0,76504,-1,0,0,-1,0,0,-1,0,0,-1,0,0,-1,0,0,-1,0,0,-1,0,0,0,0,0,0,0,0,0,0,-1,0,0,0,-1,-1,-1,0,1,0,0,0,0,[0|0|0|0|0|0],0,0,0,0,0,0,0,0,0,0,0,0,0,0,0,0
299,[Mountaintops of the Giants] First Church of Marika,1,0,[0|0|0],0,0,278,999,0,0,0,0,0,0,0,0,1,0,0,0,0,0,0,60,54,55,0,-30.39,1625.56,62.3,650004,0,76505,-1,0,0,-1,0,0,-1,0,0,-1,0,0,-1,0,0,-1,0,0,-1,0,0,0,0,0,0,0,0,0,0,-1,0,0,0,-1,-1,-1,0,1,0,0,0,0,[0|0|0|0|0|0],0,0,0,0,0,0,0,0,0,0,0,0,0,0,0,0
300,[Flame Peak] Giants' Gravepost,1,0,[0|0|0],0,0,278,999,0,0,0,0,0,0,0,0,1,0,0,0,0,0,0,60,52,54,0,-53.68,1706.52,66.82,650005,0,76506,-1,0,0,-1,0,0,-1,0,0,-1,0,0,-1,0,0,-1,0,0,-1,0,0,0,0,0,0,0,0,0,0,-1,0,0,0,-1,-1,-1,0,1,0,0,0,0,[0|0|0|0|0|0],0,0,0,0,0,0,0,0,0,0,0,0,0,0,0,0
301,[Flame Peak] Church of Repose,1,0,[0|0|0],0,0,278,999,0,0,0,0,0,0,0,0,1,0,0,0,0,0,0,60,51,53,0,-58.98,1802.52,-69.47,650006,0,76507,-1,0,0,-1,0,0,-1,0,0,-1,0,0,-1,0,0,-1,0,0,-1,0,0,0,0,0,0,0,0,0,0,-1,0,0,0,-1,-1,-1,0,1,0,0,0,0,[0|0|0|0|0|0],0,0,0,0,0,0,0,0,0,0,0,0,0,0,0,0
302,[Flame Peak] Foot of the Forge,1,0,[0|0|0],0,0,278,999,0,0,0,0,0,0,0,0,1,0,0,0,0,0,0,60,52,53,0,-79.18,1802.8,-46.09,650007,0,76508,-1,0,0,-1,0,0,-1,0,0,-1,0,0,-1,0,0,-1,0,0,-1,0,0,0,0,0,0,0,0,0,0,-1,0,0,0,-1,-1,-1,0,1,0,0,0,0,[0|0|0|0|0|0],0,0,0,0,0,0,0,0,0,0,0,0,0,0,0,0
303,[Flame Peak] Fire Giant,1,0,[0|0|0],0,0,278,999,0,0,0,0,0,0,0,0,1,0,0,0,0,0,0,60,53,52,0,-84.4,1878.88,26.1,650008,1052520800,76509,-1,0,0,-1,0,0,-1,0,0,-1,0,0,-1,0,0,-1,0,0,-1,0,0,0,0,0,0,0,0,0,0,-1,0,0,0,-1,-1,-1,0,1,0,0,0,0,[0|0|0|0|0|0],0,0,0,0,0,0,0,0,0,0,0,0,0,0,0,0
304,[Flame Peak] Forge of the Giants,1,0,[0|0|0],0,0,278,999,0,0,0,0,0,0,0,0,1,0,0,0,0,0,0,60,54,53,0,-21.77,1969.47,-21.11,650009,0,76510,-1,0,0,-1,0,0,-1,0,0,-1,0,0,-1,0,0,-1,0,0,-1,0,0,0,0,0,0,0,0,0,0,-1,0,0,0,-1,-1,-1,0,1,0,0,0,0,[0|0|0|0|0|0],0,0,0,0,0,0,0,0,0,0,0,0,0,0,0,0
305,[Mountaintops of the Giants] Minor Erdtree,1,0,[0|0|0],0,0,278,999,0,0,0,0,0,0,0,0,1,0,0,0,0,0,0,60,52,56,0,42.35,1667.12,-126.11,650050,0,76520,-1,0,0,-1,0,0,-1,0,0,-1,0,0,-1,0,0,-1,0,0,-1,0,0,0,0,0,0,0,0,0,0,-1,0,0,0,-1,-1,-1,0,1,0,0,0,0,[0|0|0|0|0|0],0,0,0,0,0,0,0,0,0,0,0,0,0,0,0,0
306,[Mountaintops of the Giants] Castle Sol,1,0,[0|0|0],0,0,278,999,0,0,0,0,0,0,0,0,1,0,0,0,0,0,0,60,51,57,0,121.4,1670.8,-39.36,650051,0,76521,-1,0,0,-1,0,0,-1,0,0,-1,0,0,-1,0,0,-1,0,0,-1,0,0,0,0,0,0,0,0,0,0,-1,0,0,0,-1,-1,-1,0,1,0,0,0,0,[0|0|0|0|0|0],0,0,0,0,0,0,0,0,0,0,0,0,0,0,0,0
307,[Mountaintops of the Giants] Castle Sol Main Gate,1,0,[0|0|0],0,0,278,999,0,0,0,0,0,0,0,0,1,0,0,0,0,0,0,60,51,57,0,-15.99,1596.46,59.94,650052,0,76522,-1,0,0,-1,0,0,-1,0,0,-1,0,0,-1,0,0,-1,0,0,-1,0,0,0,0,0,0,0,0,0,0,-1,0,0,0,-1,-1,-1,0,1,0,0,0,0,[0|0|0|0|0|0],0,0,0,0,0,0,0,0,0,0,0,0,0,0,0,0
308,[Mountaintops of the Giants] Church of the Eclipse,1,0,[0|0|0],0,0,278,999,0,0,0,0,0,0,0,0,1,0,0,0,0,0,0,60,51,57,0,73.15,1616.28,114.25,650053,0,76523,-1,0,0,-1,0,0,-1,0,0,-1,0,0,-1,0,0,-1,0,0,-1,0,0,0,0,0,0,0,0,0,0,-1,0,0,0,-1,-1,-1,0,1,0,0,0,0,[0|0|0|0|0|0],0,0,0,0,0,0,0,0,0,0,0,0,0,0,0,0
309,[Mountaintops of the Giants] Castle Sol Rooftop,1,0,[0|0|0],0,0,278,999,0,0,0,0,0,0,0,0,1,0,0,0,0,0,0,60,51,57,0,82.5,1632.19,197.39,650054,1051570800,76524,-1,0,0,-1,0,0,-1,0,0,-1,0,0,-1,0,0,-1,0,0,-1,0,0,0,0,0,0,0,0,0,0,-1,0,0,0,-1,-1,-1,0,1,0,0,0,0,[0|0|0|0|0|0],0,0,0,0,0,0,0,0,0,0,0,0,0,0,0,0
310,[Consecrated Snowfield] Consecrated Snowfield,1,0,[0|0|0],0,0,278,999,0,0,0,0,0,0,0,0,1,0,0,0,0,0,0,60,49,54,0,-97.72,1321.06,-3.74,651000,0,76550,-1,0,0,-1,0,0,-1,0,0,-1,0,0,-1,0,0,-1,0,0,-1,0,0,0,0,0,0,0,0,0,0,-1,0,0,0,-1,-1,-1,0,1,0,0,0,0,[0|0|0|0|0|0],0,0,0,0,0,0,0,0,0,0,0,0,0,0,0,0
311,[Consecrated Snowfield] Inner Consecrated Snowfield,1,0,[0|0|0],0,0,278,999,0,0,0,0,0,0,0,0,1,0,0,0,0,0,0,60,49,55,0,-104.47,1266.91,105.83,651001,0,76551,-1,0,0,-1,0,0,-1,0,0,-1,0,0,-1,0,0,-1,0,0,-1,0,0,0,0,0,0,0,0,0,0,-1,0,0,0,-1,-1,-1,0,1,0,0,0,0,[0|0|0|0|0|0],0,0,0,0,0,0,0,0,0,0,0,0,0,0,0,0
312,[Consecrated Snowfield] Ordina Liturgical Town,1,0,[0|0|0],0,0,278,999,0,0,0,0,0,0,0,0,1,0,0,0,0,0,0,60,48,57,0,30.61,1285.94,-35.67,651002,0,76652,-1,0,0,-1,0,0,-1,0,0,-1,0,0,-1,0,0,-1,0,0,-1,0,0,0,0,0,0,0,0,0,0,-1,0,0,0,-1,-1,-1,0,1,0,0,0,0,[0|0|0|0|0|0],0,0,0,0,0,0,0,0,0,0,0,0,0,0,0,0
313,[Consecrated Snowfield] Apostate Derelict,1,0,[0|0|0],0,0,278,999,0,0,0,0,0,0,0,0,1,0,0,0,0,0,0,60,47,58,0,50.95,1290.69,-32.33,651003,0,76653,-1,0,0,-1,0,0,-1,0,0,-1,0,0,-1,0,0,-1,0,0,-1,0,0,0,0,0,0,0,0,0,0,-1,0,0,0,-1,-1,-1,0,1,0,0,0,0,[0|0|0|0|0|0],0,0,0,0,0,0,0,0,0,0,0,0,0,0,0,0
498,,1,0,[0|0|0],0,0,0,999,0,0,0,0,0,0,0,0,1,0,0,0,0,0,0,0,0,0,0,0,0,0,-1,0,0,-1,0,0,-1,0,0,-1,0,0,-1,0,0,-1,0,0,-1,0,0,-1,0,0,0,0,0,0,0,0,0,0,-1,0,0,0,-1,-1,-1,0,1,0,0,0,0,[0|0|0|0|0|0],0,0,0,0,0,0,0,0,0,0,0,0,0,0,0,0
499,- Bosses -,1,0,[0|0|0],0,0,279,999,0,0,0,0,0,0,0,0,1,0,0,0,0,0,0,0,0,0,0,0,0,0,-1,0,0,-1,0,0,-1,0,0,-1,0,0,-1,0,0,-1,0,0,-1,0,0,-1,0,0,0,0,0,0,0,0,0,0,-1,0,0,0,-1,-1,-1,0,1,0,0,0,0,[0|0|0|0|0|0],0,0,0,0,0,0,0,0,0,0,0,0,0,0,0,0
500,[Limgrave] Beastman of Farum Azula,1,0,[0|0|0],0,0,279,999,0,0,0,0,0,0,0,0,1,0,0,0,0,0,0,31,3,0,0,-120.769,88.181,80.797,9250050,0,31030800,9045500,0,31030800,31030,0,31030800,-1,0,0,-1,0,0,-1,0,0,-1,0,0,-1,0,0,0,0,0,0,0,0,0,0,-1,0,0,0,-1,-1,-1,0,1,0,0,0,0,[0|0|0|0|0|0],0,0,0,0,0,0,0,0,0,0,0,0,0,0,0,0
501,[Limgrave] Bell Bearing Hunter,1,0,[0|0|0],0,0,279,999,0,0,0,0,0,0,0,0,1,0,0,0,0,0,0,60,42,38,0,11.625,188.006,90.45,9250051,0,1042380850,9021600,0,1042380850,9200000,0,1042380850,-1,0,0,-1,0,0,-1,0,0,-1,0,0,-1,0,0,0,0,0,0,0,0,0,0,-1,0,0,0,-1,-1,-1,0,1,0,0,0,0,[0|0|0|0|0|0],0,0,0,0,0,0,0,0,0,0,0,0,0,0,0,0
502,[Limgrave] Black Knife Assassin,1,0,[0|0|0],0,0,279,999,0,0,0,0,0,0,0,0,1,0,0,0,0,0,0,30,11,0,0,-210.28,177.484,21.417,9250049,0,30110800,9012900,0,30110800,30110,0,30110800,-1,0,0,-1,0,0,-1,0,0,-1,0,0,-1,0,0,0,0,0,0,0,0,0,0,-1,0,0,0,-1,-1,-1,0,1,0,0,0,0,[0|0|0|0|0|0],0,0,0,0,0,0,0,0,0,0,0,0,0,0,0,0
503,[Limgrave] Bloodhound Knight Darriwil,1,0,[0|0|0],0,0,279,999,0,0,0,0,0,0,0,0,1,0,0,0,0,0,0,60,44,35,0,-17.346,104.463,-114.94,9250052,0,1044350800,9019800,0,1044350800,-1,0,0,-1,0,0,-1,0,0,-1,0,0,-1,0,0,-1,0,0,0,0,0,0,0,0,0,0,-1,0,0,0,-1,-1,-1,0,1,0,0,0,0,[0|0|0|0|0|0],0,0,0,0,0,0,0,0,0,0,0,0,0,0,0,0
504,[Limgrave] Crucible Knight,1,0,[0|0|0],0,0,279,999,0,0,0,0,0,0,0,0,1,0,0,0,0,0,0,60,42,37,0,-66.025,158.278,44.038,9250006,0,1042370800,9012700,0,1042370800,-1,0,0,-1,0,0,-1,0,0,-1,0,0,-1,0,0,-1,0,0,0,0,0,0,0,0,0,0,-1,0,0,0,-1,-1,-1,0,1,0,0,0,0,[0|0|0|0|0|0],0,0,0,0,0,0,0,0,0,0,0,0,0,0,0,0
505,[Limgrave] Deathbird,1,0,[0|0|0],0,0,278,999,0,0,0,0,0,0,0,0,1,0,0,0,0,0,0,60,42,38,0,126.593,183.082,54.578,9250053,0,0,9020900,0,0,9200000,0,0,-1,0,0,-1,0,0,-1,0,0,-1,0,0,-1,0,0,0,0,0,0,0,0,0,0,-1,0,0,0,-1,-1,-1,0,1,0,0,0,0,[0|0|0|0|0|0],0,0,0,0,0,0,0,0,0,0,0,0,0,0,0,0
506,[Limgrave] Demi-Human Chief,1,0,[0|0|0],0,0,279,999,0,0,0,0,0,0,0,0,1,0,0,0,0,0,0,31,15,0,0,30.939,-29.33,-99.891,9250054,0,31150800,904120311,0,31150800,9110100,0,31150800,9120700,0,31150800,31150,0,31150800,-1,0,0,-1,0,0,-1,0,0,0,0,0,0,0,0,0,0,-1,0,0,0,-1,-1,-1,0,1,0,0,0,0,[0|0|0|0|0|0],0,0,0,0,0,0,0,0,0,0,0,0,0,0,0,0
507,[Limgrave] Erdtree Burial Watchdog,1,0,[0|0|0],0,0,279,999,0,0,0,0,0,0,0,0,1,0,0,0,0,0,0,30,2,0,0,102.274,94.7,73.352,9250055,0,30020800,9086400,0,30020800,30020,0,30020800,-1,0,0,-1,0,0,-1,0,0,-1,0,0,-1,0,0,0,0,0,0,0,0,0,0,-1,0,0,0,-1,-1,-1,0,1,0,0,0,0,[0|0|0|0|0|0],0,0,0,0,0,0,0,0,0,0,0,0,0,0,0,0
508,[Limgrave] Flying Dragon Agheel,1,0,[0|0|0],0,0,279,999,0,0,0,0,0,0,0,0,1,0,0,0,0,0,0,60,43,36,0,-73.89,64.988,65.087,9250056,0,1043360800,9035900,0,1043360800,-1,0,0,-1,0,0,-1,0,0,-1,0,0,-1,0,0,-1,0,0,0,0,0,0,0,0,0,0,-1,0,0,0,-1,-1,-1,0,1,0,0,0,0,[0|0|0|0|0|0],0,0,0,0,0,0,0,0,0,0,0,0,0,0,0,0
509,[Limgrave] Godrick the Grafted,1,0,[0|0|0],0,0,279,999,0,0,0,0,0,0,0,0,1,0,0,0,0,0,0,10,0,0,0,-235.646,73.756,348.293,9250057,0,10000800,9053300,0,10000800,9101000,0,10000800,10000,0,10000800,-1,0,0,-1,0,0,-1,0,0,-1,0,0,0,0,0,0,0,0,0,0,-1,0,0,0,-1,-1,-1,0,1,0,0,0,0,[0|0|0|0|0|0],0,0,0,0,0,0,0,0,0,0,0,0,0,0,0,0
510,[Limgrave] Grave Warden Duelist,1,0,[0|0|0],0,0,279,999,0,0,0,0,0,0,0,0,1,0,0,0,0,0,0,30,4,0,0,-16.758,46.104,92.348,9250058,0,30040800,9131900,0,30040800,30040,0,30040800,-1,0,0,-1,0,0,-1,0,0,-1,0,0,-1,0,0,0,0,0,0,0,0,0,0,-1,0,0,0,-1,-1,-1,0,1,0,0,0,0,[0|0|0|0|0|0],0,0,0,0,0,0,0,0,0,0,0,0,0,0,0,0
511,[Limgrave] Guardian Golem,1,0,[0|0|0],0,0,279,999,0,0,0,0,0,0,0,0,1,0,0,0,0,0,0,31,17,0,0,74.418,-9.862,148.682,9250059,0,31170800,9020400,0,31170800,31170,0,31170800,-1,0,0,-1,0,0,-1,0,0,-1,0,0,-1,0,0,0,0,0,0,0,0,0,0,-1,0,0,0,-1,-1,-1,0,1,0,0,0,0,[0|0|0|0|0|0],0,0,0,0,0,0,0,0,0,0,0,0,0,0,0,0
512,[Limgrave] Mad Pumpkin Head,1,0,[0|0|0],0,0,279,999,0,0,0,0,0,0,0,0,1,0,0,0,0,0,0,60,44,36,0,17.919,80.799,31.133,9250061,0,1044360800,-1,0,0,-1,0,0,-1,0,0,-1,0,0,-1,0,0,-1,0,0,-1,0,0,0,0,0,0,0,0,0,0,-1,0,0,0,-1,-1,-1,0,1,0,0,0,0,[0|0|0|0|0|0],0,0,0,0,0,0,0,0,0,0,0,0,0,0,0,0
513,[Limgrave] Margit the Fell Omen,1,0,[0|0|0],0,0,279,999,0,0,0,0,0,0,0,0,1,0,0,0,0,0,0,10,0,0,0,-18.624,-2.601,-17.351,9250062,0,10000850,9120900,0,60510,10000,0,10000850,-1,0,0,-1,0,0,-1,0,0,-1,0,0,-1,0,0,0,0,0,0,0,0,0,0,-1,0,0,0,-1,-1,-1,0,1,0,0,0,0,[0|0|0|0|0|0],0,0,0,0,0,0,0,0,0,0,0,0,0,0,0,0
514,[Limgrave] Night's Cavalry,1,0,[0|0|0],0,0,279,999,0,0,0,0,0,0,0,0,1,0,0,0,0,0,0,60,43,37,0,66.377,90.88,-95.647,9250063,0,1043370800,9009700,0,1043370800,9200000,0,1043370800,-1,0,0,-1,0,0,-1,0,0,-1,0,0,-1,0,0,0,0,0,0,0,0,0,0,-1,0,0,0,-1,-1,-1,0,1,0,0,0,0,[0|0|0|0|0|0],0,0,0,0,0,0,0,0,0,0,0,0,0,0,0,0
515,[Limgrave] Patches,1,0,[0|0|0],0,0,279,999,0,0,0,0,0,0,0,0,1,0,0,0,0,0,0,31,0,0,0,24.835,52.972,54.042,9250064,0,31000800,9116200,0,31000800,9072100,0,31000800,9072300,0,31000800,9072200,0,31000800,9092900,0,31000800,31000,0,31000800,-1,0,0,0,0,0,0,0,0,0,0,-1,0,0,0,-1,-1,-1,0,1,0,0,0,0,[0|0|0|0|0|0],0,0,0,0,0,0,0,0,0,0,0,0,0,0,0,0
516,[Limgrave] Soldier of Godrick,1,0,[0|0|0],0,0,279,999,0,0,0,0,0,0,0,0,1,0,0,0,0,0,0,18,0,0,0,-40.941,10.486,41.092,9250065,0,18000850,18000,0,18000850,-1,0,0,-1,0,0,-1,0,0,-1,0,0,-1,0,0,-1,0,0,0,0,0,0,0,0,0,0,-1,0,0,0,-1,-1,-1,0,1,0,0,0,0,[0|0|0|0|0|0],0,0,0,0,0,0,0,0,0,0,0,0,0,0,0,0
517,[Limgrave] Stonedigger Troll,1,0,[0|0|0],0,0,279,999,0,0,0,0,0,0,0,0,1,0,0,0,0,0,0,32,1,0,0,27.704,-30.433,-0.793,9250066,0,32010800,9102400,0,32010800,32010,0,32010800,-1,0,0,-1,0,0,-1,0,0,-1,0,0,-1,0,0,0,0,0,0,0,0,0,0,-1,0,0,0,-1,-1,-1,0,1,0,0,0,0,[0|0|0|0|0|0],0,0,0,0,0,0,0,0,0,0,0,0,0,0,0,0
518,[Limgrave] Tibia Mariner,1,0,[0|0|0],0,0,279,999,0,0,0,0,0,0,0,0,1,0,0,0,0,0,0,60,45,39,0,-35.05,92.19,1.295,9250023,0,1045390800,9132000,0,1045390800,9112100,0,1045390800,-1,0,0,-1,0,0,-1,0,0,-1,0,0,-1,0,0,0,0,0,0,0,0,0,0,-1,0,0,0,-1,-1,-1,0,1,0,0,0,0,[0|0|0|0|0|0],0,0,0,0,0,0,0,0,0,0,0,0,0,0,0,0
519,[Limgrave] Tree Sentinel,1,0,[0|0|0],0,0,279,999,0,0,0,0,0,0,0,0,1,0,0,0,0,0,0,60,42,36,0,-12.138,88.955,46.773,9250067,0,1042360800,9055700,0,1042360800,-1,0,0,-1,0,0,-1,0,0,-1,0,0,-1,0,0,-1,0,0,0,0,0,0,0,0,0,0,-1,0,0,0,-1,-1,-1,0,1,0,0,0,0,[0|0|0|0|0|0],0,0,0,0,0,0,0,0,0,0,0,0,0,0,0,0
520,[Limgrave] Ulcerated Tree Spirit,1,0,[0|0|0],0,0,279,999,0,0,0,0,0,0,0,0,1,0,0,0,0,0,0,18,0,0,0,29.502,-111.59,53.466,9250005,0,18000800,9132100,0,18000800,9014000,0,18000800,18001,0,18000800,-1,0,0,-1,0,0,-1,0,0,-1,0,0,0,0,0,0,0,0,0,0,-1,0,0,0,-1,-1,-1,0,1,0,0,0,0,[0|0|0|0|0|0],0,0,0,0,0,0,0,0,0,0,0,0,0,0,0,0
521,[Weeping Peninsula] Ancient Hero of Zamor,1,0,[0|0|0],0,0,279,999,0,0,0,0,0,0,0,0,1,0,0,0,0,0,0,60,42,33,0,-110,18.82,106,9250068,0,1042330800,9097600,0,1042330800,-1,0,0,-1,0,0,-1,0,0,-1,0,0,-1,0,0,-1,0,0,0,0,0,0,0,0,0,0,-1,0,0,0,-1,-1,-1,0,1,0,0,0,0,[0|0|0|0|0|0],0,0,0,0,0,0,0,0,0,0,0,0,0,0,0,0
522,[Weeping Peninsula] Cemetery Shade,1,0,[0|0|0],0,0,279,999,0,0,0,0,0,0,0,0,1,0,0,0,0,0,0,30,0,0,0,1.875,46.724,65.574,9250020,0,30000800,9121700,0,30000800,30000,0,30000800,-1,0,0,-1,0,0,-1,0,0,-1,0,0,-1,0,0,0,0,0,0,0,0,0,0,-1,0,0,0,-1,-1,-1,0,1,0,0,0,0,[0|0|0|0|0|0],0,0,0,0,0,0,0,0,0,0,0,0,0,0,0,0
523,[Weeping Peninsula] Deathbird,1,0,[0|0|0],0,0,279,999,0,0,0,0,0,0,0,0,1,0,0,0,0,0,0,60,44,32,0,-110.078,42.978,12.02,9250053,0,1044320800,9106500,0,1044320800,9200000,0,1044320800,-1,0,0,-1,0,0,-1,0,0,-1,0,0,-1,0,0,0,0,0,0,0,0,0,0,-1,0,0,0,-1,-1,-1,0,1,0,0,0,0,[0|0|0|0|0|0],0,0,0,0,0,0,0,0,0,0,0,0,0,0,0,0
524,[Weeping Peninsula] Erdtree Avatar,1,0,[0|0|0],0,0,279,999,0,0,0,0,0,0,0,0,1,0,0,0,0,0,0,60,43,33,0,-55.753,83.065,18.901,9250017,0,1043330800,9030400,0,65090,9092100,0,65080,-1,0,0,-1,0,0,-1,0,0,-1,0,0,-1,0,0,0,0,0,0,0,0,0,0,-1,0,0,0,-1,-1,-1,0,1,0,0,0,0,[0|0|0|0|0|0],0,0,0,0,0,0,0,0,0,0,0,0,0,0,0,0
525,[Weeping Peninsula] Erdtree Burial Watchdog,1,0,[0|0|0],0,0,279,999,0,0,0,0,0,0,0,0,1,0,0,0,0,0,0,30,1,0,0,-34.557,23.119,-155.671,9250055,0,30010800,9034600,0,30010800,30010,0,30010800,-1,0,0,-1,0,0,-1,0,0,-1,0,0,-1,0,0,0,0,0,0,0,0,0,0,-1,0,0,0,-1,-1,-1,0,1,0,0,0,0,[0|0|0|0|0|0],0,0,0,0,0,0,0,0,0,0,0,0,0,0,0,0
526,[Weeping Peninsula] Leonine Misbegotten,1,0,[0|0|0],0,0,279,999,0,0,0,0,0,0,0,0,1,0,0,0,0,0,0,60,43,30,0,-30.462,0.475,-7.445,9250069,0,1043300800,9018000,0,1043300800,6112500,0,1043300800,-1,0,0,-1,0,0,-1,0,0,-1,0,0,-1,0,0,0,0,0,0,0,0,0,0,-1,0,0,0,-1,-1,-1,0,1,0,0,0,0,[0|0|0|0|0|0],0,0,0,0,0,0,0,0,0,0,0,0,0,0,0,0
527,[Weeping Peninsula] Miranda the Blighted Bloom,1,0,[0|0|0],0,0,279,999,0,0,0,0,0,0,0,0,1,0,0,0,0,0,0,31,2,0,0,-311.058,-28.918,-27.177,9250070,0,31020800,9127300,0,31020800,31020,0,31020800,-1,0,0,-1,0,0,-1,0,0,-1,0,0,-1,0,0,0,0,0,0,0,0,0,0,-1,0,0,0,-1,-1,-1,0,1,0,0,0,0,[0|0|0|0|0|0],0,0,0,0,0,0,0,0,0,0,0,0,0,0,0,0
528,[Weeping Peninsula] Night's Cavalry,1,0,[0|0|0],0,0,279,999,0,0,0,0,0,0,0,0,1,0,0,0,0,0,0,60,44,32,0,36.034,41.773,98.873,9250063,0,1044320850,9086100,0,1044320850,9005700,0,1044320850,9200000,0,1044320850,-1,0,0,-1,0,0,-1,0,0,-1,0,0,0,0,0,0,0,0,0,0,-1,0,0,0,-1,-1,-1,0,1,0,0,0,0,[0|0|0|0|0|0],0,0,0,0,0,0,0,0,0,0,0,0,0,0,0,0
529,[Weeping Peninsula] Runebear,1,0,[0|0|0],0,0,279,999,0,0,0,0,0,0,0,0,1,0,0,0,0,0,0,31,1,0,0,-146.914,-39.934,-144.925,9250030,0,31010800,9117000,0,31010800,31010,0,31010800,-1,0,0,-1,0,0,-1,0,0,-1,0,0,-1,0,0,0,0,0,0,0,0,0,0,-1,0,0,0,-1,-1,-1,0,1,0,0,0,0,[0|0|0|0|0|0],0,0,0,0,0,0,0,0,0,0,0,0,0,0,0,0
